3082 5064
765 397 976 458 „344

407 586 594 667 Draegerus
623 584 725 649 etiarn
756 584 852 666 plura
875 584 914 647 de
936 584 1111 668 participio
1134 589 1318 668 praesentis
1341 591 1438 656 abso-

304 689 374 755 luto
406 689 568 772 exposuit.
614 688 703 764 Quae
736 709 809 752 cum
840 709 952 753 eorum
983 688 1064 753 nihil
1093 691 1179 772 apud
1202 691 1359 758 Senecam
1387 694 1438 758 in-

304 793 466 873 veniatur,
490 793 650 858 omittam.

407 898 523 979 Itaque
578 902 787 963 transeamus
843 896 884 961 ad
936 899 1232 980 perticipium
1287 904 1439 982 futuri

305 1002 442 1065 activi
480 1000 642 1083 (Draeger
680 999 697 1081 ἓ
738 998 825 1082 580).
886 999 977 1076 Quod
1015 1022 1088 1064 cum
1126 1003 1213 1084 apud
1250 1002 1439 1070 Ciceronem

304 1105 455 1170 absolute
499 1125 660 1186 nusquam
702 1106 898 1187 usurpetur,
944 1104 1112 1186 Draegero
1150 1105 1288 1188 aliisque
1325 1108 1438 1172 Livius

303 1208 428 1291 primus
450 1208 554 1273 fuisse
577 1208 753 1272 videbatur
776 1206 935 1272 eiusmodi
958 1207 1087 1272 dicendi
1109 1230 1188 1272 usus
1212 1214 1336 1276 auctor.
1375 1211 1438 1277 Sed

304 1316 381 1377 ante
396 1333 518 1395 paucos
534 1333 636 1377 annos
654 1311 871 1376 Schmoleius¹
889 1310 1005 1376 Asinio
1021 1312 1160 1377 Pollioni
1175 1313 1316 1396 primum
1331 1315 1438 1379 locum

303 1415 494 1494 vindicavit,
518 1416 638 1499 quippe
661 1415 694 1479 in
717 1415 808 1480 cuius
831 1415 988 1495 historiis
1013 1436 1055 1481 ex
1078 1416 1194 1497 quibus
1216 1416 1439 1498 fragmentum

303 1518 463 1584 traditum
479 1522 531 1584 est
547 1520 633 1603 apud
650 1519 807 1584 Senecam
822 1518 856 1583 in
872 1540 959 1583 suas.
988 1519 1034 1583 VI
1042 1538 1078 1598 24,
1102 1519 1313 1602 participium
1335 1520 1439 1586 futuri

304 1622 407 1688 activi
430 1623 582 1688 absolute
604 1625 799 1706 usurpatum
830 1622 1034 1687 inveniatur:
1066 1624 1128 1686 468
1151 1623 1246 1686 haias
1274 1644 1349 1706 erqo
1377 1625 1440 1686 oiri

303 1733 347 1790 tot
369 1729 523 1811 tantisque
546 1725 690 1809 operibus
712 1728 873 1789 morocoria
896 1728 931 1788 ia
951 1745 1039 1788 omae
1060 1746 1169 1789 uerum
1187 1727 1380 1809 praedicere
1403 1727 1440 1790 de

301 1832 427 1912 inpenso
451 1837 542 1914 atque
565 1831 729 1893 industrio
751 1850 981 1913 superuacuum
1003 1837 1056 1894 est.

292 1934 294 1939 .
407 1951 695 2034 Porticipium
714 1953 902 2036 perfecti
930 1953 1109 2036 passini,
1133 1951 1296 2034 (Draeger
1319 1951 1336 2032 ἓ
1361 1952 1437 2033 581)

303 2060 506 2137 quamquam
534 2056 620 2138 apud
655 2056 811 2120 Senecam
849 2055 1022 2139 permultis
1053 2055 1133 2119 locis
1163 2056 1313 2120 absolute
1343 2077 1438 2120 usur-

302 2162 416 2241 patum
453 2162 524 2238 est,
570 2162 680 2224 tamen
718 2159 752 2222 in
787 2160 849 2224 hoc
886 2180 1005 2241 genere
1046 2157 1151 2223 oratio
1189 2158 1258 2223 eius
1289 2181 1309 2224 a
1339 2159 1437 2225 solito

303 2262 430 2327 dicendi
453 2285 514 2327 usu
537 2263 607 2328 fere
629 2285 693 2328 non
724 2264 872 2328 recessit.
917 2264 1033 2345 Itaque
1063 2262 1147 2327 satis
1175 2263 1302 2327 habebo
1333 2283 1437 2346 pauca

303 2386 468 2449 exponere
492 2366 531 2430 de
554 2368 625 2431 loco
648 2366 744 2430 huius
767 2366 947 2450 participii,
972 2366 1027 2448 qui
1052 2369 1110 2430 aut
1132 2369 1209 2430 ante
1232 2365 1439 2431 enuntiatum

302 2470 511 2552 primarium,
542 2471 656 2535 autin
679 2492 735 2550 eo,
767 2471 824 2535 sed
856 2472 1046 2553 plerumque
1076 2474 1153 2535 ante
1183 2470 1320 2535 verbum
1343 2469 1438 2533 huius

303 2573 467 2638 enuntiati
499 2595 573 2638 esse
604 2575 698 2638 solet.
745 2573 792 2638 Ut
822 2595 900 2638 vero
932 2576 1101 2656 prematur
1135 2574 1195 2638 hoc
1228 2573 1438 2656 participium

302 2676 489 2741 absolutum
526 2682 560 2743 et
598 2699 670 2742 cum
704 2677 738 2741 vi
773 2698 812 2742 ac
845 2677 988 2760 pondere
1027 2677 1166 2758 quodam
1204 2677 1326 2741 dictum
1364 2662 1438 2740 esse

302 2777 464 2859 videatur,
489 2780 523 2844 in
538 2782 601 2845 fine
622 2780 786 2845 enuntiati
807 2780 884 2863 poni
906 2783 1027 2863 potest.
1059 2779 1150 2856 Quod
1173 2779 1372 2863 perspicitur
1395 2799 1438 2842 ex

301 2881 352 2946 his
376 2882 473 2948 locis:
497 2886 557 2947 881
578 2884 702 2947 inutilis
723 2887 788 2947 vitu
812 2885 931 2966 futuru
954 2891 982 2947 et
1004 2891 1102 2946 morte
1134 2884 1267 2966 pronior
1296 2877 1438 2946 detracto

301 2985 461 3068 libertate;
490 2990 552 3052 411
582 3008 657 3051 aava
686 2989 762 3072 qaia
792 2985 898 3050 Cicero
921 3008 976 3050 aec
999 2994 1063 3050 tom
1098 2988 1227 3050 timidus
1248 2986 1372 3068 fucrit,
1402 2992 1438 3048 nt

301 3096 431 3172 reparet
465 3090 637 3154 Antonium
671 3111 726 3154 nee
760 3098 825 3153 tom
859 3092 988 3168 stultas,
1023 3097 1059 3152 nt
1089 3091 1219 3152 exorari
1245 3108 1338 3172 posse
1369 3109 1438 3151 enm

301 3201 454 3277 speraret,
477 3216 564 3258 nemo
588 3195 710 3258 drrbitot
733 3201 856 3277 eccepto
878 3194 992 3257 Asinio
1015 3193 1165 3257 Pollione.

405 3313 623 3380 Inveniuntur
653 3318 764 3380 autem
786 3313 886 3379 etiam
909 3313 982 3392 loci,
1006 3313 1123 3395 quibus
1146 3311 1354 3396 participium
1378 3312 1436 3375 ab·

301 3417 462 3499 solutum,
493 3440 689 3501 quamquam
712 3419 745 3482 in
768 3421 833 3482 fine
864 3417 1027 3483 enuntiati
1057 3417 1201 3500 positum
1223 3419 1293 3494 est,
1325 3418 1437 3479 tamen

300 3522 389 3586 nullo
419 3523 514 3586 modo
544 3525 710 3604 urgeatur.
756 3522 825 3598 Quo
855 3542 897 3585 ex
927 3541 1061 3585 numero
1096 3523 1163 3585 est:
1197 3521 1277 3583 109⁶
1308 3520 1337 3581 sc'
1358 3521 1387 3582 is
1409 3525 1437 3581 te

300 3634 373 3689 onte
394 3627 553 3712 rapuisset
576 3633 603 3690 et
625 3625 756 3710 trapetas
779 3633 917 3708 optasses
924 3674 933 3706 ,
956 3626 1138 3707 interposito
1161 3623 1270 3686 deinde
1292 3630 1436 3705 tempore,

299 3739 469 3815 autequam
490 3729 635 3811 mutereo,
669 3730 751 3794 hono
773 3732 927 3810 vitiasset,
950 3749 1083 3814 neporus
1106 3731 1194 3794 illam
1218 3726 1323 3790 dehere
1345 3729 1435 3805 mori,

298 3840 395 3917 rupto
417 3833 561 3897 iubente?
817 3826 823 3832 ”

400 3956 645 4040 Porticipiu
666 3956 774 4039 perf.
795 3976 903 4039 post.
928 3954 1128 4033 absoluto,
1151 3954 1303 4016 coristi
1325 3952 1435 4016 nroclo

296 4068 529 4146 usurpato,
564 4061 650 4144 apud
673 4061 830 4125 Senecam
859 4079 935 4123 rara
965 4060 1051 4122 sunt.
1096 4056 1183 4120 Nam
1215 4077 1298 4139 quae
1329 4055 1435 4139 prima

400 4273 409 4307 1
429 4271 561 4336 Schmalz,
591 4271 684 4322 Ueber
703 4270 756 4321 den
775 4268 1023 4336 Sprnohgebrauoh
1045 4267 1092 4320 des
1111 4268 1223 4320 Asinius
1241 4266 1339 4331 Pollio,
1357 4267 1436 4319 Fest-

297 4358 396 4409 schrift
422 4375 469 4410 zur
496 4356 626 4409 XXXVI.
652 4357 863 4421 Versammlung
890 4355 1036 4406 deutscher
1063 4356 1228 4421 Philologen
1256 4354 1310 4405 und
1340 4352 1435 4405 Schul-

296 4444 463 4497 mttnner'au
481 4444 634 4496 Karlsruhe
655 4446 729 4508 1882,
748 4460 774 4510 p.
793 4446 834 4494 89.
