3082 5064
659 332 870 393 -24-

301 544 328 587 e.
352 544 383 604 g.
409 525 469 585 130
492 523 629 585 ininirnis
650 521 818 584 succidant
842 540 975 603 corporo
1000 572 1006 584 .
1031 572 1038 584 .
1062 520 1167 583 eodeni
1190 523 1331 584 inoentns

199 647 296 690 conso
326 626 427 705 eadit,
460 627 499 688 13
509 646 537 687 re
566 645 695 707 ncqno.
707 626 852 709 jostipio
882 623 1029 687 obliuione
1051 625 1246 707 tropititotis
1274 624 1329 687 bn·

198 749 309 794 monne
339 730 479 811 collapso
508 736 599 809 scint,
632 731 671 792 21
682 749 711 790 m
734 749 822 811 posse
854 734 933 791 certe
959 729 1092 791 invictos
1114 729 1225 790 reuerti
1246 726 1330 789 beni·

188 835 267 916 ficio
298 835 375 914 1001,
405 833 548 898 310100
578 833 630 896 ille
652 852 780 895 numero
795 831 913 914 feren,
944 833 985 895 45
996 853 1020 892 ‘21
1048 832 1123 894 cinis
1145 851 1207 893 non
1231 831 1329 892 solnm

198 937 415 1020 rnoqnitndine
444 938 613 1015 uirtutum,
645 935 699 1000 sect
726 936 924 999 multitudine
945 955 1062 1020 qnoque
1086 935 1330 1017 conspiciendus,

198 1041 239 1105 47
249 1060 273 1102 21
296 1038 427 1122 pnbtioo
449 1061 509 1105 con
531 1041 631 1104 sceris
654 1046 814 1103 aeternnm
837 1038 985 1102 obnrntnit
1017 1038 1132 1117 erinis,
1166 1040 1228 1103 761>
1252 1038 1332 1101 00011

199 1143 303 1207 subito
318 1145 452 1228 cutiqine
466 1143 701 1227 obtorpuerunt,
717 1145 758 1207 84
769 1164 795 1205 m
811 1144 970 1226 qtoriotnr
985 1142 1160 1205 bornicidio.
1188 1140 1331 1205 Gloriari

199 1250 310 1312 autem
343 1247 430 1331 apud
464 1247 622 1312 Senecam
659 1268 789 1330 semper
822 1266 896 1310 cum
929 1245 1076 1309 ablativo
1113 1243 1329 1326 coniungitur,

199 1371 305 1433 neque
326 1372 465 1433 usquam
488 1372 560 1415 cum
583 1350 826 1433 praepositione
848 1351 891 1414 in.
924 1351 982 1413 151
992 1370 1020 1410 rr
1040 1368 1199 1433 nnnqncrn
1221 1349 1330 1429 inopie

199 1452 282 1517 uerbi
304 1453 450 1535 substitit,
478 1455 558 1517 1600
582 1454 679 1517 nattis
701 1453 841 1536 paudere
863 1455 944 1517 ceris
966 1455 1078 1532 sciant,
1103 1454 1186 1516 3444
1206 1458 1331 1534 potrern

201 1559 333 1640 tyranni
355 1556 537 1621 criminibus
560 1555 683 1639 000000,
707 1558 770 1621 404
779 1577 807 1619 rr
830 1577 887 1641 qno
912 1557 1039 1619 erimine
1062 1556 1229 1619 1100000100
1252 1560 1329 1635 erut,

199 1662 262 1724 422
271 1682 300 1723 rs
322 1665 430 1725 renato
453 1662 651 1746 laceratoque
674 1681 726 1724 ore
749 1662 803 1725 oin
826 1660 1052 1742 oqnoscendns.
1091 1659 1154 1724 Sed
1176 1658 1237 1722 hcc
1259 1657 1331 1723 loco

124 1778 127 1784 '
200 1763 302 1829 etiam
325 1765 388 1829 abl.
412 1764 481 1829 abs.
505 1763 653 1846 intellegi
675 1766 796 1847 potest.
829 1764 906 1828 4714
932 1764 1061 1825 nirninrn
1083 1761 1199 1844 funere
1223 1768 1331 1824 nostro

200 1865 343 1930 ensnttnt.
388 1866 500 1931 Etiam
537 1888 611 1931 eum
647 1868 772 1946 locum,
811 1866 866 1948 qui
899 1868 951 1930 est
984 1867 1042 1928 431
1076 1867 1127 1928 oin
1159 1864 1332 1928 attollentes

200 1971 341 2033 lacrimis
384 1970 513 2047 contos,
560 1970 698 2033 bominis
740 1971 857 2033 intueri
894 1968 1048 2032 trnoidoti
1083 1966 1217 2031 rnernbro
1256 1969 1333 2032 oiois

196 2078 354 2155 poterunt,
377 2072 440 2137 huc
461 2073 641 2138 retulerim.
672 2073 761 2150 Quae
785 2074 886 2138 verba
909 2094 982 2137 cum
997 2072 1178 2136 Bursianus
1200 2071 1331 2153 integra

200 2179 377 2255 servasset,
401 2177 621 2260 Kiesslingius
637 2181 671 2243 et
686 2178 872 2256 Muellerus,
897 2176 1096 2242 Gronovium
1115 2174 1229 2254 secuti,
1254 2177 1328 2239 ante

200 2279 342 2344 lacrimis
364 2301 449 2364 prce
477 2281 695 2347 inseruerunt.
742 2282 832 2359 Quod
855 2303 897 2346 an
927 2279 1149 2346 necessarium
1180 2300 1245 2343 non
1275 2276 1326 2354 sit,

199 2382 349 2464 equidem
371 2385 582 2450 vehementer
604 2386 727 2451 dubito.
773 2386 859 2451 Nam
889 2407 932 2450 ex
963 2383 1044 2450 locis
1068 2404 1167 2466 supra
1190 2401 1328 2446 comme-

199 2485 336 2550 moratis
358 2488 566 2571 perspicuum
589 2510 661 2554 esse
684 2492 763 2572 puto
787 2488 887 2554 animi
910 2490 1064 2553 affectum
1079 2486 1164 2551 nudo
1184 2483 1330 2550 ablativo

199 2588 340 2671 exprimi
355 2611 461 2673 posse,
485 2592 730 2676 praepositione
745 2613 810 2656 non
825 2591 948 2656 addita.
993 2590 1050 2654 Oui
1067 2610 1185 2654 causae
1204 2586 1332 2653 accedit

199 2690 306 2756 altera
321 2713 427 2775 caque
439 2695 646 2776 gravissima.
674 2696 712 2760 In
727 2698 799 2760 1010
815 2694 901 2760 enim
914 2694 1056 2759 Senecae
1071 2692 1154 2756 libro
1170 2712 1331 2773 nusquam

199 2795 401 2878 praepositio
422 2818 505 2880 prce
531 2799 706 2864 invenitur.
752 2798 841 2875 Quae
873 2819 945 2862 cum
967 2797 1017 2862 ita
1045 2795 1128 2873 sint,
1158 2798 1331 2877 procerte

199 2895 368 2963 habuerim
396 2900 499 2966 etiam
528 2902 589 2967 hoc
619 2903 690 2967 loco
714 2905 829 2967 contra
852 2901 994 2966 omnium
1017 2899 1164 2965 codicum
1187 2897 1331 2963 auctori-

198 3002 304 3064 tatem
326 3023 399 3067 eam
421 3005 628 3070 inserendam
651 3026 714 3070 non
738 3026 820 3070 esse.

302 3103 357 3169 De
379 3105 566 3172 obtetioc
587 3109 856 3173 instrumenti.
902 3107 1062 3190 (Draeger
1085 3107 1102 3188 ἓ
1126 3104 1212 3187 229).

301 3206 451 3274 Ablativi
474 3209 701 3290 instrumenti,
737 3211 856 3295 quippe
879 3211 934 3293 qui
957 3211 1106 3276 omnibus
1128 3207 1332 3293 temporibus

199 3309 313 3373 ecdem
324 3313 420 3378 mode
431 3317 610 3397 usurpatus
622 3313 675 3394 sit,
686 3315 791 3380 multa
804 3316 955 3397 exempla
968 3315 1121 3397 colligere
1133 3334 1331 3397 supervaca-

199 3432 296 3476 neum
312 3419 373 3481 est.
405 3417 468 3481 Sed
490 3417 670 3484 adnotandi
692 3417 771 3482 mihi
793 3418 857 3483 visi
881 3421 957 3483 sunt
979 3418 1010 3483 ei
1031 3417 1107 3495 loci,
1133 3417 1249 3499 quibus
1271 3438 1331 3499 pro

200 3521 556 3603 praepositioneocum
566 3521 713 3587 ablativo
725 3521 898 3587 coniuncta
908 3521 1075 3587 ablativus
1086 3520 1192 3600 nudus
1203 3520 1332 3603 positus

201 3627 263 3702 est,
286 3626 324 3688 ut
346 3624 503 3703 homines
517 3646 653 3707 quorum
676 3647 776 3709 opera
798 3626 921 3709 aliquid
944 3627 991 3703 fit,
1014 3629 1173 3706 tanquam
1195 3645 1248 3688 res
1271 3623 1331 3687 ha-

200 3726 354 3792 beantur:
387 3730 464 3792 4310
487 3731 608 3812 inperiti
639 3731 851 3810 circumfusos
883 3729 992 3810 tnrbo,
1023 3731 1106 3792 2292
1129 3735 1163 3791 nt
1187 3779 1193 3791 .
1219 3777 1226 3791 .
1250 3747 1333 3790 nnor

201 3830 302 3893 olieno
325 3837 397 3894 teste
420 3831 627 3916 drifendotnr,
660 3836 757 3899 34800
776 3835 917 3917 fortusse
940 3833 1075 3895 ornicum
1097 3830 1241 3909 bobobot3
1275 3830 1333 3894 boo

201 3934 370 3999 detectotns
392 3944 445 4001 est.

303 4038 453 4107 Naturae
476 4044 587 4106 autem
610 4041 760 4105 diversae
783 4043 851 4106 est:
883 4043 942 4106 371
968 4042 997 4104 si
1019 4041 1061 4105 od
1083 4046 1213 4104 oetatem
1236 4059 1333 4102 onno·
1389 4052 1392 4063 ·

200 4162 330 4228 rnnqne
351 4164 514 4229 nnnqnern
537 4143 732 4208 obserootnnr
754 4144 833 4208 oiris
854 4143 999 4227 fortibus
1021 4163 1185 4207 nnnrernrn
1206 4143 1332 4224 respici·

201 4266 280 4313 rnna.
305 4287 345 4294 —
370 4247 439 4326 Quo
470 4247 541 4312 loco
572 4248 650 4311 oiris
679 4247 818 4327 fortibus
849 4248 981 4314 dativus
1004 4269 1063 4332 pro
1094 4268 1162 4311 oc.
1187 4246 1246 4310 011.
1271 4249 1333 4323 est,

201 4351 241 4417 de
265 4373 327 4436 quo
350 4373 410 4416 usu
435 4351 520 4418 dixit
543 4351 708 4419 Sanderus
731 4353 752 4417 l.
777 4373 804 4417 c.
827 4352 859 4416 ΙΙ
881 4374 912 4436 p.
937 4355 966 4418 8.
