3082 5064
672 374 883 435 „43-

213 565 247 627 ob
271 585 397 629 coruom
422 564 621 642 detectorem,
656 584 730 627 cum
761 582 861 626 causa
884 561 1043 626 deiciendi
1067 561 1210 627 incestus
1233 562 1343 641 fuerit,

215 669 269 734 sed
284 669 539 751 interpretemur
555 669 686 750 oportet
702 669 788 749 qoem
805 665 848 728 od
861 668 961 748 fircera
984 666 1100 728 deiecto
1122 674 1174 731 esi.
1207 665 1345 731 Deiecta

214 773 298 838 enim
322 776 382 850 est,
407 775 443 837 ut
466 772 599 855 periret.
627 771 751 836 Eadem
775 770 877 853 igitur
898 770 979 834 haec
995 770 1161 835 sententia
1178 772 1229 834 est
1245 772 1344 850 atque

214 897 259 952 ea,
285 896 381 956 quam
398 875 483 939 dixit
498 875 630 940 Diocles
646 874 817 957 Carystius
835 876 895 938 100
907 895 933 935 rr
956 876 1003 934 καὶ
1027 869 1106 946 ἅπαξ
1129 875 1177 935 καὶ
1200 872 1345 955 δεύτερον

211 980 258 1040 καὶ
282 978 384 1062 τρίτον
405 979 454 1040 καὶ
477 975 567 1058 μέχρι
590 975 629 1040 ἂν
645 972 679 1040 οὗ
696 977 792 1063 πέσῃς
808 975 881 1059 (sed
897 975 1013 1041 melius
1029 975 1191 1041 Haasius:
1210 973 1343 1062 πάθῃς),

210 1079 258 1164 ἐφ’
274 1078 290 1143 ii
306 1078 460 1163 βέβλησαι.

309 1210 405 1276 Alter
426 1212 516 1275 locus
540 1213 609 1276 est:
643 1212 728 1275 2043
759 1213 867 1294 nupsit
895 1212 949 1273 isti
976 1217 1108 1294 propter
1136 1210 1263 1291 liberos,
1291 1212 1344 1276 sed

209 1315 349 1395 infelices
371 1316 500 1398 anplius
533 1317 591 1378 cito
626 1323 784 1396 tyrannos
805 1317 966 1399 oppressit.
1011 1316 1083 1380 Hoc
1114 1336 1242 1397 quoque
1272 1315 1343 1380 loco

208 1425 339 1501 propter
353 1419 485 1484 finalem
501 1440 632 1483 sensum
647 1420 767 1485 habere
791 1423 939 1504 apparet.
975 1420 1007 1483 N
1009 1441 1063 1484 am
1074 1425 1205 1502 propter
1221 1417 1342 1497 liberos,

209 1521 285 1603 quid
309 1521 473 1604 significat
496 1522 559 1586 nisi
583 1529 617 1584 ut
640 1523 752 1586 liberos
782 1543 818 1586 es·
848 1527 910 1587 islo
940 1524 1057 1587 tolleret
1086 1519 1144 1588 aut
1174 1526 1211 1586 ut
1234 1522 1344 1586 verbis

209 1627 295 1709 apud
310 1627 475 1692 Romanos
491 1627 703 1693 sollemnibus
725 1632 873 1694 utamur:
897 1629 1065 1691 liberorum
1088 1625 1343 1712 quaerundorum

211 1750 308 1793 conso
319 1730 335 1793 ‚2

308 1861 566 1944 Praepositionis
591 1860 632 1925 ob
655 1862 745 1927 notio
769 1883 899 1945 semper
921 1861 1063 1926 causalis
1087 1864 1147 1927 est.

307 1989 532 2054 Adversus
565 2011 727 2072 nusquam
760 1990 925 2055 notionem
959 1992 1095 2055 localem
1128 1990 1249 2069 habet,
1285 1991 1342 2054 sed

207 2094 397 2176 plerumque
420 2093 553 2159 notione
576 2094 699 2160 infesta
722 2095 904 2160 adhibitum
927 2098 987 2160 est.
1032 2093 1207 2159 Nonnullis
1231 2096 1341 2158 autem

206 2195 287 2260 locis
303 2195 389 2260 idem
405 2198 496 2262 valet
511 2200 611 2279 atque
628 2219 724 2280 erpo:
750 2201 842 2263 iura
863 2200 896 2262 et
911 2218 939 2260 as
962 2197 1038 2261 douo
1054 2198 1205 2262 adversos
1216 2202 1341 2279 polrern

206 2301 322 2380 ocimo,
347 2301 408 2363 164
417 2321 444 2363 aa
468 2299 544 2363 dono
569 2302 719 2364 aduersus
741 2322 772 2364 sc
795 2303 910 2364 ociore.

306 2428 397 2493 Nihil
420 2429 483 2493 nisi
507 2431 707 2495 contrarium
731 2431 952 2513 significatur:
983 2435 1041 2496 411
1077 2432 1227 2517 quomodo
1259 2434 1340 2517 qnis-

203 2554 260 2617 que
282 2554 313 2597 se
335 2554 371 2595 eor
393 2533 551 2598 historicis
574 2536 726 2600 adversus
748 2539 929 2600 mernoriour
953 2537 1109 2601 Ciceronis
1131 2539 1270 2620 cesserit.

306 2661 462 2727 Contra
484 2686 614 2748 semper
633 2665 789 2731 infestam
812 2667 978 2732 notionem
1000 2667 1109 2732 habet.
1126 2703 1167 2711 -
1183 2668 1285 2731 Arete
1307 2672 1340 2734 et

204 2773 298 2848 post
320 2767 417 2832 solito
440 2790 530 2833 more
553 2773 713 2852 usurpata
736 2773 822 2834 sunt.

306 2894 330 2959 S
337 2897 532 2971 ecuodrirr
561 2919 659 2963 sensu
688 2888 785 2964 locali
810 2899 932 2964 dictum
956 2904 1024 2965 est:
1048 2903 1145 2965 suen
1169 2902 1339 2965 secuudum

202 3001 317 3063 metris
339 3002 535 3084 septimam
566 3002 683 3068 deinde
711 3025 810 3068 sensu
832 3004 1024 3087 temporali,
1057 3006 1142 3087 quod
1164 3027 1229 3069 non
1252 3005 1337 3089 apud

202 3123 316 3168 omnes
347 3104 526 3188 scriptores
557 3105 591 3171 in
622 3129 683 3171 usu
714 3107 794 3173 fuit:
828 3109 1116 3173 arctissimarum
1144 3111 1339 3191 principium

200 3209 308 3270 stetim
327 3208 414 3290 fupo
433 3210 470 3289 fii
479 3229 491 3289 ;
514 3212 585 3273 turn
602 3210 749 3275 ordinem
766 3210 946 3292 significat:
971 3213 1010 3275 95
1021 3233 1049 3275 20
1064 3212 1216 3295 quidquid
1232 3233 1338 3275 sccun-

182 3330 187 3340 ·
203 3310 278 3374 dum
294 3311 366 3374 deos
380 3314 614 3376 sanctissimum
629 3320 683 3395 est,
709 3320 852 3376 contorta
867 3335 923 3378 suo
936 3315 1068 3397 polluit;
1091 3315 1228 3398 denique
1251 3315 1338 3380 idem

201 3414 293 3478 valet
309 3436 348 3479 ac
364 3443 404 3467 =
421 3437 461 3478 eo
477 3423 619 3499 persico.
652 3419 713 3481 396
723 3439 751 3480 ao
774 3420 959 3483 ceuiorooiri
979 3419 1136 3499 dicerunt,
1161 3419 1239 3483 dore
1253 3421 1338 3502 ipsos

200 3517 370 3581 secuudum
393 3519 614 3582 aduersarium
638 3520 765 3585 Albucii
788 3573 794 3586 .
820 3574 827 3586 .
853 3574 859 3586 .

304 3638 487 3703 Proeter
517 3642 655 3706 localem
690 3642 855 3708 notionem
889 3645 1008 3710 habet:
1035 3648 1337 3710 iuteremerunt

198 3749 327 3825 praeter
348 3746 449 3807 oculos
465 3765 556 3826 meos,
577 3753 708 3827 praeter
721 3747 791 3829 filii
813 3769 938 3828 onorius
962 3750 1060 3812 30217
1078 3748 1199 3813 idoncos
1212 3758 1339 3832 praeter

200 3846 380 3927 sepulcrum
403 3849 525 3912 metris.

301 3965 364 4029 Sed
404 3966 500 4048 longe
541 3968 691 4052 plurimis
734 3971 814 4036 locis
856 3971 942 4036 idem
981 3974 1072 4037 valet
1110 3996 1148 4038 ac
1189 3980 1336 4040 nostrum

202 4087 321 4131 ausser.

303 4188 408 4253 Valde
440 4191 612 4258 adamasse
644 4195 777 4260 videtur
800 4197 923 4262 Seneca
954 4200 1230 4282 praepositionem
1252 4224 1335 4281 per,

203 4310 286 4371 quae
303 4310 402 4354 sensu
417 4293 523 4373 locali,
540 4297 724 4380 temporali,
741 4298 995 4380 instrumentali,
1012 4303 1131 4367 modali
1149 4309 1335 4385 usurpatur.

202 4391 313 4474 Atque
345 4414 443 4459 sensu
475 4396 719 4465 instrumentali
750 4423 814 4466 non
846 4405 1002 4468 solumsi
1026 4406 1185 4470 derebus
1209 4408 1336 4486 dicium,

1384 4668 1495 4766 Δ
