3082 5064
673 367 883 433 ..35-

210 561 327 640 locum,
352 578 415 642 quo
438 557 612 643 participio
637 559 830 640 deponentis
859 560 950 624 notio
982 561 1093 626 activa
1120 562 1222 627 inest:
1247 566 1342 628 47511

209 665 244 728 in
266 684 360 748 paean
382 662 629 727 adulescentibus
651 663 752 745 lapsis
774 668 802 725 ct
825 666 1025 746 cansainptis.

311 785 400 861 Quae
423 784 610 865 Draegerus
634 780 658 862 ξ·
669 784 730 846 584
754 783 917 864 exposuit,
943 805 1055 849 eorum
1077 787 1164 869 apud
1187 786 1344 851 Senecam

209 886 290 951 nihil
312 886 488 952 invenitur.

310 1008 431 1072 Contra
447 1007 639 1090 saepissime
656 1005 811 1069 adiectiaa
829 1007 1051 1089 praedicativa
1067 1015 1123 1071 aat
1149 1009 1344 1073 snbstantiea

208 1111 375 1195 participii
397 1110 541 1189 absoluti
563 1111 634 1175 loco
656 1109 847 1190 funguntur.
881 1110 1044 1192 (Draeger
1067 1111 1084 1192 ξ
1109 1113 1195 1194 585).
1242 1114 1344 1190 Quem

209 1237 312 1294 usum,
336 1201 553 1299 quippeffliluo
583 1214 707 1278 Seneca
740 1233 805 1276 non
838 1214 1014 1279 recesserit
1045 1216 1187 1280 asolita
1217 1217 1344 1281 dicendi

177 1318 462 1397 ¹consuetudine,
494 1336 765 1383 commemorasse
817 1315 971 1381 sufficiat.
1038 1318 1209 1400 Exemplis
1261 1342 1343 1404 opus

207 1442 272 1485 non
296 1425 358 1487 est.
404 1423 474 1486 Iani
496 1425 703 1486 transeamus
726 1420 768 1484 ad

312 1542 464 1606 ablativos
487 1542 642 1611 absolutos
666 1542 944 1623 contra-repatam
967 1549 1146 1624 asarpatos.
1181 1539 1345 1625 (Draeger

208 1645 339 1730 5586).

311 1766 364 1832 No
387 1766 473 1849 apud
498 1765 693 1848 optimorum
717 1764 846 1846 quidem
869 1750 1052 1847 temporum
1076 1765 1254 1848 scriptores
1277 1766 1344 1830 rari

208 1873 285 1935 sunt
307 1870 380 1949 loci,
405 1869 523 1951 quibus
546 1869 602 1933 lex
618 1868 675 1932 illa
691 1868 869 1933 observata
884 1890 949 1932 non
965 1869 1018 1947 sit,
1043 1870 1220 1933 secundum
1236 1890 1343 1950 quam,

207 1974 236 2037 si
259 1973 444 2039 subiectum
470 1971 609 2037 ablativi
624 1970 779 2036 absoluti
802 1971 902 2036 etiam
931 1972 964 2035 in
991 1972 1162 2036 enuntiato
1188 1972 1344 2055 primario

206 2077 389 2155 invenitur,
420 2097 485 2141 non
507 2075 655 2140 ablativo
678 2074 850 2152 absoluto,
870 2075 937 2138 sed
966 2075 1141 2159 participio
1171 2075 1344 2139 coniuncto

205 2180 297 2244 locus
320 2183 382 2244 est.
417 2179 492 2243 Non
515 2178 617 2260 igitur
640 2176 839 2255 mirabimur,
864 2178 949 2258 quod
973 2178 1060 2261 apud
1083 2178 1240 2243 Senecam
1264 2199 1343 2260 quo·

206 2304 269 2364 que
292 2305 375 2347 unus
400 2282 528 2363 quidem
551 2281 647 2345 huius
662 2279 793 2362 generis
810 2280 976 2345 ablativus
993 2281 1163 2346 absolutus
1180 2281 1341 2358 insolitus,

206 2407 247 2450 ne
269 2386 376 2450 dicam
398 2386 518 2461 falsus
549 2384 732 2448 invenitur:
757 2385 854 2447 48916
878 2391 1022 2466 tatone,
1047 2386 1103 2467 ait,
1121 2387 1237 2467 patavi
1258 2385 1343 2467 topai

203 2489 334 2570 fortias.

308 2609 419 2674 Etiam
438 2609 623 2691 participiis
646 2606 860 2670 subordinatis
883 2608 1045 2689 (Draeger
1068 2606 1085 2687 ξ
1110 2606 1185 2689 588)
1220 2609 1344 2673 Seneca

207 2712 332 2777 modice
355 2734 434 2776 usus
460 2716 521 2790 est,
545 2714 592 2790 ut,
616 2733 699 2792 quae
719 2712 805 2794 apud
829 2733 903 2775 eum
925 2710 1145 2788 inveniuntur,
1169 2711 1343 2794 perspicua

207 2815 273 2880 sint
297 2819 331 2880 et
354 2815 551 2899 optimorum
574 2815 771 2898 scriptorum
793 2814 906 2897 generi
930 2813 1058 2878 dicendi
1081 2813 1287 2878 conveniant.

307 2937 331 3001 Ι.
379 2936 560 3020 Paeticipia
583 2939 759 3001 cantaneto.
794 2958 821 3001 e.
844 2958 876 3019 g.
901 2940 984 3001 2105
1015 2938 1068 3020 qai
1100 2955 1173 2999 rens
1207 2938 1344 3019 veneficii

203 3038 271 3119 fnit
290 3046 318 3102 et
333 3061 353 3102 a
370 3036 510 3104 Pollione
525 3042 638 3104 Asinio
661 3041 819 3120 defensas,
845 3041 1014 3104 damnatas
1038 3040 1205 3103 Massiliae
1229 3038 1342 3104 daeait.

306 3161 347 3225 II.
394 3161 575 3244 Participia
594 3162 746 3226 absolata.
770 3164 855 3226 4185
877 3169 952 3245 topa
969 3162 1077 3244 posita
1100 3165 1222 3241 sarnpto
1243 3160 1343 3240 pallio

205 3267 298 3346 qnasi
315 3285 456 3347 persona
479 3271 602 3328 cantata
624 3265 795 3330 rediebant.

305 3384 354 3448 De
388 3385 452 3464 eis,
471 3392 572 3467 'quae
586 3387 790 3468 ·.Draegerus
824 3385 986 3451 tractavit
1010 3384 1027 3464 ἕ
1052 3385 1219 3448 589-591
1256 3384 1343 3466 apud

206 3486 363 3551 Senecam
386 3488 468 3552 nihil
491 3489 676 3554 observavi.
722 3489 843 3554 Contra
866 3509 930 3553 non
953 3509 1029 3552 rara
1052 3490 1129 3551 sunt

305 3609 484 3689 participia
508 3630 577 3672 aaa
601 3609 868 3672 coniunctionibas
892 3610 1068 3672 coniuncta.

215 3741 220 3761 ¹
308 3725 432 3792 Eodem
456 3728 568 3793 ordine
590 3750 679 3808 usus,
708 3750 770 3810 quo
793 3728 981 3809 Draegerus
1005 3725 1022 3807 ἓ
1046 3729 1118 3805 592,
1142 3727 1247 3809 primo
1271 3728 1342 3793 loco

205 3849 421 3895 commemoro
435 3855 442 3895 ε

199 3956 209 3967 ’
313 3948 378 4014 Ut:
400 3954 465 4015 428
487 3951 561 4014 inde
583 3951 773 4014 transuersis
787 3950 952 4013 itineribus
967 3951 1000 4012 ia
1016 3948 1224 4013 Fanniianane
1246 3957 1281 4012 at
1304 3950 1343 4013 ab

205 4053 314 4118 Caieta
337 4076 446 4119 actaea
471 4075 698 4118 conscensnrns
718 4055 940 4136 proficiscitur.
976 4054 1039 4118 Sed
1063 4054 1115 4118 hic
1138 4055 1229 4118 locus
1252 4053 1342 4117 Livi-

204 4179 286 4222 anus
309 4162 370 4224 est.

215 4303 219 4309 ¹
309 4277 444 4342 Vetat:
477 4281 516 4341 41
526 4299 553 4341 as
576 4279 656 4340 aelret
680 4278 855 4341 sabatarea
879 4278 1014 4340 electaens
1037 4279 1145 4360 pneris
1171 4279 1339 4360 potionem.

184 4382 362 4448 >Similiter
387 4385 492 4461 lora,
519 4384 624 4460 lssilno,
651 4384 756 4459 18611,
780 4383 873 4459 4599,
899 4385 1005 4446 sesa.
