<?xml version="1.0" encoding="UTF-8"?>
<!DOCTYPE html PUBLIC "-//W3C//DTD XHTML 1.0 Transitional//EN"
    "http://www.w3.org/TR/xhtml1/DTD/xhtml1-transitional.dtd">
<html xmlns="http://www.w3.org/1999/xhtml" xml:lang="en" lang="en">
 <head>
  <title>
</title>
<meta http-equiv="Content-Type" content="text/html;charset=utf-8" />
  <meta name='ocr-system' content='tesseract 3.04.00' />
  <meta name='ocr-capabilities' content='ocr_page ocr_carea ocr_par ocr_line ocrx_word'/>
</head>
<body>
  <div class='ocr_page' id='page_1' title='image "./desenecaerhetor01ahlhgoog_0044.png"; bbox 0 0 3082 5064; ppageno 0'>
   <div class='ocr_carea' id='block_1_1' title="bbox 69 369 1203 1578">
    <p class='ocr_par' dir='ltr' id='par_1_1' title="bbox 532 369 742 431">
     <span class='ocr_line' id='line_1_1' title="bbox 532 369 742 431; baseline 0 -17"><span class='ocrx_word' id='word_1_1' title='bbox 532 408 571 414; x_wconf 77' lang='grc'>-</span> <span class='ocrx_word' id='word_1_2' title='bbox 617 369 656 431; x_wconf 75' lang='lat'>41</span> <span class='ocrx_word' id='word_1_3' title='bbox 703 407 742 414; x_wconf 71' lang='grc'>.-</span> 
     </span>
    </p>

    <p class='ocr_par' dir='ltr' id='par_1_2' title="bbox 72 539 1202 847">
     <span class='ocr_line' id='line_1_2' title="bbox 168 539 1202 642; baseline -0.006 -16"><span class='ocrx_word' id='word_1_4' title='bbox 168 539 215 626; x_wconf 87' lang='lat' dir='ltr'>Ut</span> <span class='ocrx_word' id='word_1_5' title='bbox 238 560 294 625; x_wconf 88' lang='lat' dir='ltr'>alii</span> <span class='ocrx_word' id='word_1_6' title='bbox 317 559 494 642; x_wconf 74' lang='lat' dir='ltr'><strong>scriptores</strong></span> <span class='ocrx_word' id='word_1_7' title='bbox 517 557 566 622; x_wconf 90' lang='lat' dir='ltr'>ita</span> <span class='ocrx_word' id='word_1_8' title='bbox 589 557 713 621; x_wconf 80' lang='lat' dir='ltr'>Seneca</span> <span class='ocrx_word' id='word_1_9' title='bbox 733 576 859 638; x_wconf 91' lang='lat' dir='ltr'>quoque</span> <span class='ocrx_word' id='word_1_10' title='bbox 874 556 958 620; x_wconf 90' lang='lat' dir='ltr'>hanc</span> <span class='ocrx_word' id='word_1_11' title='bbox 973 555 1113 620; x_wconf 89' lang='lat' dir='ltr'>formam</span> <span class='ocrx_word' id='word_1_12' title='bbox 1129 578 1202 620; x_wconf 91' lang='lat' dir='ltr'>cum</span> 
     </span>
     <span class='ocr_line' id='line_1_3' title="bbox 73 658 1202 742; baseline -0.006 -12"><span class='ocrx_word' id='word_1_13' title='bbox 73 665 116 730; x_wconf 89' lang='lat' dir='ltr'>eis</span> <span class='ocrx_word' id='word_1_14' title='bbox 139 665 250 730; x_wconf 85' lang='lat' dir='ltr'>verbis</span> <span class='ocrx_word' id='word_1_15' title='bbox 274 663 406 728; x_wconf 91' lang='lat' dir='ltr'>videtur</span> <span class='ocrx_word' id='word_1_16' title='bbox 429 659 657 738; x_wconf 89' lang='lat' dir='ltr'>coniunxisse,</span> <span class='ocrx_word' id='word_1_17' title='bbox 681 680 765 741; x_wconf 88' lang='lat' dir='ltr'>quae</span> <span class='ocrx_word' id='word_1_18' title='bbox 787 661 912 724; x_wconf 85' lang='lat' dir='ltr'>motum</span> <span class='ocrx_word' id='word_1_19' title='bbox 935 658 1078 742; x_wconf 79' lang='lat' dir='ltr'>aliquem</span> <span class='ocrx_word' id='word_1_20' title='bbox 1101 659 1202 742; x_wconf 86' lang='lat' dir='ltr'>signi-</span> 
     </span>
     <span class='ocr_line' id='line_1_4' title="bbox 72 765 889 847; baseline -0.009 -14"><span class='ocrx_word' id='word_1_21' title='bbox 72 771 178 834; x_wconf 85' lang='lat' dir='ltr'>ficant.</span> <span class='ocrx_word' id='word_1_22' title='bbox 224 769 286 831; x_wconf 82' lang='lat'>326</span> <span class='ocrx_word' id='word_1_23' title='bbox 296 787 323 829; x_wconf 82' lang='lat' dir='ltr'>rs</span> <span class='ocrx_word' id='word_1_24' title='bbox 345 767 438 829; x_wconf 85' lang='lat' dir='ltr'>iussit</span> <span class='ocrx_word' id='word_1_25' title='bbox 460 766 507 828; x_wconf 92' lang='lat' dir='ltr'>ire</span> <span class='ocrx_word' id='word_1_26' title='bbox 530 784 645 828; x_wconf 79' lang='lat' dir='ltr'>sessum</span> <span class='ocrx_word' id='word_1_27' title='bbox 667 765 702 827; x_wconf 89' lang='lat' dir='ltr'>iu</span> <span class='ocrx_word' id='word_1_28' title='bbox 724 765 889 847; x_wconf 77' lang='lat' dir='ltr'>equestria.</span> 
     </span>
    </p>

    <p class='ocr_par' dir='ltr' id='par_1_3' title="bbox 69 866 1203 1578">
     <span class='ocr_line' id='line_1_5' title="bbox 168 866 1202 951; baseline 0 -17"><span class='ocrx_word' id='word_1_29' title='bbox 168 871 224 935; x_wconf 89' lang='lat' dir='ltr'>De</span> <span class='ocrx_word' id='word_1_30' title='bbox 260 871 489 932; x_wconf 83' lang='lat' dir='ltr'>uoruiuutieo</span> <span class='ocrx_word' id='word_1_31' title='bbox 527 888 605 931; x_wconf 89' lang='lat' dir='ltr'>cum</span> <span class='ocrx_word' id='word_1_32' title='bbox 641 866 844 951; x_wconf 84' lang='lat' dir='ltr'>iufiuitioo</span> <span class='ocrx_word' id='word_1_33' title='bbox 873 866 1036 949; x_wconf 84' lang='lat' dir='ltr'>(Draeger</span> <span class='ocrx_word' id='word_1_34' title='bbox 1065 867 1083 948; x_wconf 64' lang='grc' dir='ltr'><strong>ἓ</strong></span> <span class='ocrx_word' id='word_1_35' title='bbox 1113 866 1202 951; x_wconf 81' lang='grc'>459).</span> 
     </span>
     <span class='ocr_line' id='line_1_6' title="bbox 71 971 1203 1053; baseline -0.004 -12"><span class='ocrx_word' id='word_1_36' title='bbox 71 977 130 1041; x_wconf 91' lang='lat' dir='ltr'>Hic</span> <span class='ocrx_word' id='word_1_37' title='bbox 153 975 272 1040; x_wconf 90' lang='lat' dir='ltr'>verba:</span> <span class='ocrx_word' id='word_1_38' title='bbox 296 974 421 1053; x_wconf 87' lang='lat' dir='ltr'>uideor,</span> <span class='ocrx_word' id='word_1_39' title='bbox 451 972 578 1053; x_wconf 85' lang='lat' dir='ltr'>iubeor,</span> <span class='ocrx_word' id='word_1_40' title='bbox 608 979 711 1051; x_wconf 84' lang='lat' dir='ltr'>vetor,</span> <span class='ocrx_word' id='word_1_41' title='bbox 741 971 866 1035; x_wconf 89' lang='lat' dir='ltr'>iudicor</span> <span class='ocrx_word' id='word_1_42' title='bbox 896 993 916 1036; x_wconf 92' lang='lat' dir='ltr'>a</span> <span class='ocrx_word' id='word_1_43' title='bbox 948 972 1072 1036; x_wconf 81' lang='lat' dir='ltr'>Seneca</span> <span class='ocrx_word' id='word_1_44' title='bbox 1106 971 1203 1036; x_wconf 90' lang='lat' dir='ltr'>solito</span> 
     </span>
     <span class='ocr_line' id='line_1_7' title="bbox 71 1075 1203 1160; baseline -0.004 -16"><span class='ocrx_word' id='word_1_45' title='bbox 71 1100 158 1144; x_wconf 91' lang='lat' dir='ltr'>more</span> <span class='ocrx_word' id='word_1_46' title='bbox 174 1078 328 1160; x_wconf 90' lang='lat' dir='ltr'>usurpari</span> <span class='ocrx_word' id='word_1_47' title='bbox 343 1076 491 1142; x_wconf 86' lang='lat' dir='ltr'>breviter</span> <span class='ocrx_word' id='word_1_48' title='bbox 506 1097 779 1141; x_wconf 84' lang='lat' dir='ltr'>commemorasse</span> <span class='ocrx_word' id='word_1_49' title='bbox 795 1075 948 1141; x_wconf 88' lang='lat' dir='ltr'>sufficiat.</span> <span class='ocrx_word' id='word_1_50' title='bbox 977 1076 1076 1140; x_wconf 89' lang='lat' dir='ltr'>Plura</span> <span class='ocrx_word' id='word_1_51' title='bbox 1092 1079 1203 1140; x_wconf 89' lang='lat' dir='ltr'>autern</span> 
     </span>
     <span class='ocr_line' id='line_1_8' title="bbox 71 1179 1203 1262; baseline -0.004 -14"><span class='ocrx_word' id='word_1_52' title='bbox 71 1183 206 1248; x_wconf 90' lang='lat' dir='ltr'>dicenda</span> <span class='ocrx_word' id='word_1_53' title='bbox 248 1184 325 1245; x_wconf 90' lang='lat' dir='ltr'>sunt</span> <span class='ocrx_word' id='word_1_54' title='bbox 356 1181 396 1245; x_wconf 88' lang='lat' dir='ltr'>de</span> <span class='ocrx_word' id='word_1_55' title='bbox 428 1181 552 1245; x_wconf 90' lang='lat' dir='ltr'>verbo:</span> <span class='ocrx_word' id='word_1_56' title='bbox 596 1180 780 1257; x_wconf 86' lang='lat' dir='ltr'>credor,</span> <span class='ocrx_word' id='word_1_57' title='bbox 824 1180 909 1261; x_wconf 88' lang='lat' dir='ltr'>quod</span> <span class='ocrx_word' id='word_1_58' title='bbox 941 1179 969 1244; x_wconf 91' lang='lat' dir='ltr'>si</span> <span class='ocrx_word' id='word_1_59' title='bbox 999 1180 1203 1262; x_wconf 87' lang='lat' dir='ltr'>Draegerum</span> 
     </span>
     <span class='ocr_line' id='line_1_9' title="bbox 70 1281 1201 1366; baseline -0.004 -15"><span class='ocrx_word' id='word_1_60' title='bbox 70 1286 247 1364; x_wconf 73' lang='lat' dir='ltr'>audiemus</span> <span class='ocrx_word' id='word_1_61' title='bbox 267 1304 464 1366; x_wconf 90' lang='lat' dir='ltr'>quamquam</span> <span class='ocrx_word' id='word_1_62' title='bbox 480 1283 566 1365; x_wconf 89' lang='lat' dir='ltr'>apud</span> <span class='ocrx_word' id='word_1_63' title='bbox 581 1282 771 1347; x_wconf 88' lang='lat' dir='ltr'>Lucretium</span> <span class='ocrx_word' id='word_1_64' title='bbox 787 1286 820 1347; x_wconf 89' lang='lat' dir='ltr'>et</span> <span class='ocrx_word' id='word_1_65' title='bbox 836 1281 988 1347; x_wconf 89' lang='lat' dir='ltr'>Ovidium</span> <span class='ocrx_word' id='word_1_66' title='bbox 1004 1282 1201 1360; x_wconf 89' lang='lat' dir='ltr'>inveniatur,</span> 
     </span>
     <span class='ocr_line' id='line_1_10' title="bbox 70 1386 1203 1470; baseline -0.005 -15"><span class='ocrx_word' id='word_1_67' title='bbox 70 1394 181 1455; x_wconf 90' lang='lat' dir='ltr'>tamen</span> <span class='ocrx_word' id='word_1_68' title='bbox 210 1411 230 1452; x_wconf 91' lang='lat' dir='ltr'>a</span> <span class='ocrx_word' id='word_1_69' title='bbox 260 1387 425 1470; x_wconf 87' lang='lat' dir='ltr'>pedestris</span> <span class='ocrx_word' id='word_1_70' title='bbox 455 1387 613 1452; x_wconf 89' lang='lat' dir='ltr'>orationis</span> <span class='ocrx_word' id='word_1_71' title='bbox 643 1386 858 1469; x_wconf 73' lang='lat' dir='ltr'>scriptoribus</span> <span class='ocrx_word' id='word_1_72' title='bbox 887 1387 1076 1470; x_wconf 90' lang='lat' dir='ltr'>putabimus</span> <span class='ocrx_word' id='word_1_73' title='bbox 1108 1406 1203 1450; x_wconf 88' lang='lat' dir='ltr'>usur-</span> 
     </span>
     <span class='ocr_line' id='line_1_11' title="bbox 69 1489 1203 1578; baseline -0.005 -18"><span class='ocrx_word' id='word_1_74' title='bbox 69 1498 181 1578; x_wconf 88' lang='lat' dir='ltr'>patum</span> <span class='ocrx_word' id='word_1_75' title='bbox 212 1513 277 1556; x_wconf 93' lang='lat' dir='ltr'>non</span> <span class='ocrx_word' id='word_1_76' title='bbox 307 1512 381 1561; x_wconf 88' lang='lat' dir='ltr'>esse</span> <span class='ocrx_word' id='word_1_77' title='bbox 410 1494 487 1555; x_wconf 89' lang='lat' dir='ltr'>ante</span> <span class='ocrx_word' id='word_1_78' title='bbox 510 1490 754 1566; x_wconf 74' lang='lat' dir='ltr'>Quintilianum.</span> <span class='ocrx_word' id='word_1_79' title='bbox 800 1491 847 1555; x_wconf 83' lang='lat' dir='ltr'>At</span> <span class='ocrx_word' id='word_1_80' title='bbox 879 1490 980 1556; x_wconf 87' lang='lat' dir='ltr'>etiarn</span> <span class='ocrx_word' id='word_1_81' title='bbox 1009 1490 1043 1554; x_wconf 92' lang='lat' dir='ltr'>in</span> <span class='ocrx_word' id='word_1_82' title='bbox 1073 1489 1135 1554; x_wconf 91' lang='lat' dir='ltr'>hac</span> <span class='ocrx_word' id='word_1_83' title='bbox 1167 1511 1203 1554; x_wconf 91' lang='lat' dir='ltr'>re</span> 
     </span>
    </p>
   </div>
   <div class='ocr_carea' id='block_1_2' title="bbox 70 1593 1203 1779">
    <p class='ocr_par' dir='ltr' id='par_1_4' title="bbox 70 1593 1203 1779">
     <span class='ocr_line' id='line_1_12' title="bbox 70 1593 764 1663; baseline -0.007 0"><span class='ocrx_word' id='word_1_84' title='bbox 70 1620 142 1663; x_wconf 90' lang='lat' dir='ltr'>eum</span> <span class='ocrx_word' id='word_1_85' title='bbox 164 1616 296 1661; x_wconf 90' lang='lat' dir='ltr'>errasse</span> <span class='ocrx_word' id='word_1_86' title='bbox 319 1594 352 1658; x_wconf 93' lang='lat' dir='ltr'>hi</span> <span class='ocrx_word' id='word_1_87' title='bbox 374 1593 438 1658; x_wconf 92' lang='lat' dir='ltr'>loci</span> <span class='ocrx_word' id='word_1_88' title='bbox 461 1594 605 1659; x_wconf 79' lang='lat' dir='ltr'>Senecae</span> <span class='ocrx_word' id='word_1_89' title='bbox 629 1594 764 1658; x_wconf 89' lang='lat' dir='ltr'>docent:</span> 
     </span>
     <span class='ocr_line' id='line_1_13' title="bbox 169 1696 1203 1779; baseline -0.003 -14"><span class='ocrx_word' id='word_1_90' title='bbox 169 1704 245 1766; x_wconf 69' lang='lat'>312⁶</span> <span class='ocrx_word' id='word_1_91' title='bbox 275 1721 336 1763; x_wconf 86' lang='lat' dir='ltr'>uou</span> <span class='ocrx_word' id='word_1_92' title='bbox 370 1704 494 1761; x_wconf 82' lang='lat' dir='ltr'>tautum</span> <span class='ocrx_word' id='word_1_93' title='bbox 527 1697 669 1760; x_wconf 77' lang='lat' dir='ltr'>credetur</span> <span class='ocrx_word' id='word_1_94' title='bbox 701 1697 818 1759; x_wconf 80' lang='lat' dir='ltr'>redisse</span> <span class='ocrx_word' id='word_1_95' title='bbox 851 1704 894 1760; x_wconf 87' lang='lat' dir='ltr'>set</span> <span class='ocrx_word' id='word_1_96' title='bbox 927 1698 1037 1760; x_wconf 83' lang='lat' dir='ltr'>uicisse</span> <span class='ocrx_word' id='word_1_97' title='bbox 1078 1696 1203 1779; x_wconf 82' lang='lat' dir='ltr'>Xerses,</span> 
     </span>
    </p>
   </div>
   <div class='ocr_carea' id='block_1_3' title="bbox 66 1800 1247 2919">
    <p class='ocr_par' dir='ltr' id='par_1_5' title="bbox 67 1800 1205 2282">
     <span class='ocr_line' id='line_1_14' title="bbox 70 1800 1203 1884; baseline -0.007 -13"><span class='ocrx_word' id='word_1_98' title='bbox 70 1808 108 1871; x_wconf 82' lang='lat'>90</span> <span class='ocrx_word' id='word_1_99' title='bbox 117 1827 144 1868; x_wconf 81' lang='lat'>‘22</span> <span class='ocrx_word' id='word_1_100' title='bbox 168 1806 271 1867; x_wconf 82' lang='lat' dir='ltr'>rudior</span> <span class='ocrx_word' id='word_1_101' title='bbox 292 1823 343 1866; x_wconf 85' lang='lat' dir='ltr'>res</span> <span class='ocrx_word' id='word_1_102' title='bbox 365 1801 546 1879; x_wconf 83' lang='lat' dir='ltr'>ridebatur,</span> <span class='ocrx_word' id='word_1_103' title='bbox 577 1820 671 1884; x_wconf 87' lang='lat' dir='ltr'>quum</span> <span class='ocrx_word' id='word_1_104' title='bbox 699 1805 734 1862; x_wconf 91' lang='lat' dir='ltr'>ut</span> <span class='ocrx_word' id='word_1_105' title='bbox 750 1807 855 1882; x_wconf 79' lang='lat' dir='ltr'>posset</span> <span class='ocrx_word' id='word_1_106' title='bbox 879 1800 966 1861; x_wconf 89' lang='lat' dir='ltr'>credi</span> <span class='ocrx_word' id='word_1_107' title='bbox 987 1802 1053 1863; x_wconf 86' lang='lat' dir='ltr'>siue</span> <span class='ocrx_word' id='word_1_108' title='bbox 1076 1801 1203 1863; x_wconf 91' lang='lat' dir='ltr'>deorum</span> 
     </span>
     <span class='ocr_line' id='line_1_15' title="bbox 68 1904 1205 1987; baseline -0.004 -16"><span class='ocrx_word' id='word_1_109' title='bbox 68 1909 292 1971; x_wconf 77' lang='lat' dir='ltr'>immortalium</span> <span class='ocrx_word' id='word_1_110' title='bbox 328 1906 487 1968; x_wconf 85' lang='lat' dir='ltr'>adiutorio</span> <span class='ocrx_word' id='word_1_111' title='bbox 518 1910 623 1987; x_wconf 74' lang='lat' dir='ltr'>peste,</span> <span class='ocrx_word' id='word_1_112' title='bbox 653 1905 751 1969; x_wconf 67' lang='lat'>32424</span> <span class='ocrx_word' id='word_1_113' title='bbox 782 1909 944 1987; x_wconf 83' lang='lat' dir='ltr'>toruquum</span> <span class='ocrx_word' id='word_1_114' title='bbox 973 1923 1041 1966; x_wconf 92' lang='lat' dir='ltr'>cum</span> <span class='ocrx_word' id='word_1_115' title='bbox 1071 1904 1205 1967; x_wconf 88' lang='lat' dir='ltr'>dicimus</span> 
     </span>
     <span class='ocr_line' id='line_1_16' title="bbox 69 2006 1203 2090; baseline -0.004 -15"><span class='ocrx_word' id='word_1_116' title='bbox 69 2013 247 2075; x_wconf 83' lang='lat' dir='ltr'>adulterum</span> <span class='ocrx_word' id='word_1_117' title='bbox 274 2011 396 2089; x_wconf 81' lang='lat' dir='ltr'>fuisse,</span> <span class='ocrx_word' id='word_1_118' title='bbox 430 2015 465 2070; x_wconf 88' lang='lat' dir='ltr'>ut</span> <span class='ocrx_word' id='word_1_119' title='bbox 498 2007 647 2070; x_wconf 83' lang='lat' dir='ltr'>credetur</span> <span class='ocrx_word' id='word_1_120' title='bbox 679 2013 810 2090; x_wconf 78' lang='lat' dir='ltr'>propter</span> <span class='ocrx_word' id='word_1_121' title='bbox 843 2006 900 2070; x_wconf 86' lang='lat' dir='ltr'>boc</span> <span class='ocrx_word' id='word_1_122' title='bbox 933 2009 1026 2070; x_wconf 87' lang='lat' dir='ltr'>etium</span> <span class='ocrx_word' id='word_1_123' title='bbox 1060 2010 1203 2089; x_wconf 76' lang='lat' dir='ltr'>oeuefieu,</span> 
     </span>
     <span class='ocr_line' id='line_1_17' title="bbox 68 2112 1202 2199; baseline -0.005 -19"><span class='ocrx_word' id='word_1_124' title='bbox 68 2118 153 2180; x_wconf 72' lang='lat'>4392</span> <span class='ocrx_word' id='word_1_125' title='bbox 178 2114 329 2199; x_wconf 83' lang='lat' dir='ltr'>quamdiu</span> <span class='ocrx_word' id='word_1_126' title='bbox 352 2113 465 2178; x_wconf 81' lang='lat' dir='ltr'>luctati</span> <span class='ocrx_word' id='word_1_127' title='bbox 486 2131 613 2191; x_wconf 88' lang='lat' dir='ltr'>sumus,</span> <span class='ocrx_word' id='word_1_128' title='bbox 643 2116 677 2175; x_wconf 86' lang='lat' dir='ltr'>ut</span> <span class='ocrx_word' id='word_1_129' title='bbox 700 2112 878 2174; x_wconf 77' lang='lat' dir='ltr'>crederetur</span> <span class='ocrx_word' id='word_1_130' title='bbox 900 2130 1034 2175; x_wconf 85' lang='lat' dir='ltr'>uouercu</span> <span class='ocrx_word' id='word_1_131' title='bbox 1051 2113 1202 2194; x_wconf 76' lang='lat' dir='ltr'>prieipuo</span> 
     </span>
     <span class='ocr_line' id='line_1_18' title="bbox 67 2204 536 2282; baseline 0.006 -2"><span class='ocrx_word' id='word_1_132' title='bbox 67 2219 195 2282; x_wconf 71' lang='lat' dir='ltr'>secuse.</span> <span class='ocrx_word' id='word_1_133' title='bbox 525 2204 536 2217; x_wconf 78' lang='lat'>‘</span> 
     </span>
    </p>

    <p class='ocr_par' dir='ltr' id='par_1_6' title="bbox 66 2317 1247 2919">
     <span class='ocr_line' id='line_1_19' title="bbox 168 2317 1247 2401; baseline -0.004 -17"><span class='ocrx_word' id='word_1_134' title='bbox 168 2320 279 2385; x_wconf 84' lang='lat' dir='ltr'>Etiam</span> <span class='ocrx_word' id='word_1_135' title='bbox 301 2319 407 2401; x_wconf 87' lang='lat' dir='ltr'>magis</span> <span class='ocrx_word' id='word_1_136' title='bbox 431 2320 618 2400; x_wconf 85' lang='lat' dir='ltr'>Draegerus</span> <span class='ocrx_word' id='word_1_137' title='bbox 642 2317 781 2396; x_wconf 88' lang='lat' dir='ltr'>erravit,</span> <span class='ocrx_word' id='word_1_138' title='bbox 806 2340 879 2382; x_wconf 93' lang='lat' dir='ltr'>cum</span> <span class='ocrx_word' id='word_1_139' title='bbox 902 2319 1039 2384; x_wconf 89' lang='lat' dir='ltr'>verbum</span> <span class='ocrx_word' id='word_1_140' title='bbox 1062 2339 1203 2382; x_wconf 89' lang='lat' dir='ltr'>uurror</span> <span class='ocrx_word' id='word_1_141' title='bbox 1245 2391 1247 2395; x_wconf 11' lang='lat' dir='ltr'>y</span> 
     </span>
     <span class='ocr_line' id='line_1_20' title="bbox 67 2422 1200 2506; baseline -0.001 -18"><span class='ocrx_word' id='word_1_142' title='bbox 67 2424 228 2489; x_wconf 82' lang='lat' dir='ltr'>scriberet</span> <span class='ocrx_word' id='word_1_143' title='bbox 262 2423 403 2506; x_wconf 85' lang='lat' dir='ltr'>primurn</span> <span class='ocrx_word' id='word_1_144' title='bbox 436 2423 485 2487; x_wconf 89' lang='lat' dir='ltr'>ita</span> <span class='ocrx_word' id='word_1_145' title='bbox 518 2426 713 2505; x_wconf 88' lang='lat' dir='ltr'>usurpatum</span> <span class='ocrx_word' id='word_1_146' title='bbox 747 2444 821 2487; x_wconf 87' lang='lat' dir='ltr'>esse</span> <span class='ocrx_word' id='word_1_147' title='bbox 850 2423 890 2488; x_wconf 93' lang='lat' dir='ltr'>ab</span> <span class='ocrx_word' id='word_1_148' title='bbox 920 2422 1059 2488; x_wconf 85' lang='lat' dir='ltr'>Horatio</span> <span class='ocrx_word' id='word_1_149' title='bbox 1093 2426 1200 2505; x_wconf 88' lang='lat' dir='ltr'>poeta,</span> 
     </span>
     <span class='ocr_line' id='line_1_21' title="bbox 67 2526 1201 2609; baseline -0.001 -17"><span class='ocrx_word' id='word_1_150' title='bbox 67 2549 206 2609; x_wconf 88' lang='lat' dir='ltr'>eumque</span> <span class='ocrx_word' id='word_1_151' title='bbox 222 2532 354 2593; x_wconf 86' lang='lat' dir='ltr'>secutos</span> <span class='ocrx_word' id='word_1_152' title='bbox 371 2549 444 2593; x_wconf 87' lang='lat' dir='ltr'>esse</span> <span class='ocrx_word' id='word_1_153' title='bbox 460 2527 612 2593; x_wconf 89' lang='lat' dir='ltr'>Ovidium</span> <span class='ocrx_word' id='word_1_154' title='bbox 632 2530 666 2593; x_wconf 91' lang='lat' dir='ltr'>et</span> <span class='ocrx_word' id='word_1_155' title='bbox 681 2527 880 2605; x_wconf 87' lang='lat' dir='ltr'>Martialem,</span> <span class='ocrx_word' id='word_1_156' title='bbox 905 2527 962 2592; x_wconf 91' lang='lat' dir='ltr'>sed</span> <span class='ocrx_word' id='word_1_157' title='bbox 979 2548 1021 2591; x_wconf 86' lang='lat' dir='ltr'>ex</span> <span class='ocrx_word' id='word_1_158' title='bbox 1036 2526 1201 2609; x_wconf 88' lang='lat' dir='ltr'>pedestris</span> 
     </span>
     <span class='ocr_line' id='line_1_22' title="bbox 67 2629 1202 2714; baseline -0.001 -19"><span class='ocrx_word' id='word_1_159' title='bbox 67 2630 226 2695; x_wconf 85' lang='lat' dir='ltr'>orationis</span> <span class='ocrx_word' id='word_1_160' title='bbox 272 2630 487 2714; x_wconf 88' lang='lat' dir='ltr'>scriptoribus</span> <span class='ocrx_word' id='word_1_161' title='bbox 533 2631 595 2695; x_wconf 93' lang='lat' dir='ltr'>duo</span> <span class='ocrx_word' id='word_1_162' title='bbox 640 2634 770 2695; x_wconf 88' lang='lat' dir='ltr'>tantum</span> <span class='ocrx_word' id='word_1_163' title='bbox 813 2630 908 2694; x_wconf 89' lang='lat' dir='ltr'>huius</span> <span class='ocrx_word' id='word_1_164' title='bbox 954 2629 1081 2695; x_wconf 89' lang='lat' dir='ltr'>dicendi</span> <span class='ocrx_word' id='word_1_165' title='bbox 1121 2651 1202 2694; x_wconf 88' lang='lat' dir='ltr'>usus</span> 
     </span>
     <span class='ocr_line' id='line_1_23' title="bbox 66 2732 1200 2816; baseline 0.001 -18"><span class='ocrx_word' id='word_1_166' title='bbox 66 2735 220 2816; x_wconf 90' lang='lat' dir='ltr'>exempla</span> <span class='ocrx_word' id='word_1_167' title='bbox 235 2733 299 2798; x_wconf 92' lang='lat' dir='ltr'>sibi</span> <span class='ocrx_word' id='word_1_168' title='bbox 313 2737 393 2799; x_wconf 88' lang='lat' dir='ltr'>nota</span> <span class='ocrx_word' id='word_1_169' title='bbox 405 2755 490 2812; x_wconf 88' lang='lat' dir='ltr'>esse,</span> <span class='ocrx_word' id='word_1_170' title='bbox 504 2734 646 2798; x_wconf 90' lang='lat' dir='ltr'>alterum</span> <span class='ocrx_word' id='word_1_171' title='bbox 657 2732 839 2812; x_wconf 90' lang='lat' dir='ltr'>Livianum,</span> <span class='ocrx_word' id='word_1_172' title='bbox 852 2733 993 2798; x_wconf 86' lang='lat' dir='ltr'>alterurn</span> <span class='ocrx_word' id='word_1_173' title='bbox 1006 2732 1200 2799; x_wconf 88' lang='lat' dir='ltr'>Plinianum.</span> 
     </span>
     <span class='ocr_line' id='line_1_24' title="bbox 67 2835 1202 2919; baseline 0.002 -19"><span class='ocrx_word' id='word_1_174' title='bbox 67 2837 218 2919; x_wconf 86' lang='lat' dir='ltr'>Namque</span> <span class='ocrx_word' id='word_1_175' title='bbox 242 2837 290 2902; x_wconf 90' lang='lat' dir='ltr'>eis</span> <span class='ocrx_word' id='word_1_176' title='bbox 313 2837 481 2901; x_wconf 90' lang='lat' dir='ltr'>addendus</span> <span class='ocrx_word' id='word_1_177' title='bbox 506 2840 558 2901; x_wconf 87' lang='lat' dir='ltr'>est</span> <span class='ocrx_word' id='word_1_178' title='bbox 580 2835 700 2900; x_wconf 87' lang='lat' dir='ltr'>tertius</span> <span class='ocrx_word' id='word_1_179' title='bbox 723 2837 822 2913; x_wconf 92' lang='lat' dir='ltr'>locus,</span> <span class='ocrx_word' id='word_1_180' title='bbox 847 2835 902 2917; x_wconf 92' lang='lat' dir='ltr'>qui</span> <span class='ocrx_word' id='word_1_181' title='bbox 925 2838 976 2900; x_wconf 92' lang='lat' dir='ltr'>est</span> <span class='ocrx_word' id='word_1_182' title='bbox 999 2838 1085 2919; x_wconf 87' lang='lat' dir='ltr'>apud</span> <span class='ocrx_word' id='word_1_183' title='bbox 1101 2837 1202 2902; x_wconf 90' lang='lat' dir='ltr'>Sene-</span> 
     </span>
    </p>
   </div>
   <div class='ocr_carea' id='block_1_4' title="bbox 67 2939 1296 3023">
    <p class='ocr_par' dir='ltr' id='par_1_7' title="bbox 67 2939 1296 3023">
     <span class='ocr_line' id='line_1_25' title="bbox 67 2939 1296 3023; baseline 0 -19"><span class='ocrx_word' id='word_1_184' title='bbox 67 2961 156 3005; x_wconf 89' lang='lat' dir='ltr'>cam:</span> <span class='ocrx_word' id='word_1_185' title='bbox 185 2943 273 3004; x_wconf 78' lang='lat'>12211</span> <span class='ocrx_word' id='word_1_186' title='bbox 301 2941 357 3003; x_wconf 88' lang='lat' dir='ltr'>boc</span> <span class='ocrx_word' id='word_1_187' title='bbox 377 2961 512 3023; x_wconf 84' lang='lat' dir='ltr'>prorsus</span> <span class='ocrx_word' id='word_1_188' title='bbox 538 2939 722 3020; x_wconf 80' lang='lat' dir='ltr'>fabulosum</span> <span class='ocrx_word' id='word_1_189' title='bbox 754 2941 869 3023; x_wconf 83' lang='lat' dir='ltr'>repleto</span> <span class='ocrx_word' id='word_1_190' title='bbox 900 2940 1063 3004; x_wconf 85' lang='lat' dir='ltr'>sceleribus</span> <span class='ocrx_word' id='word_1_191' title='bbox 1086 2943 1203 3020; x_wconf 80' lang='lat' dir='ltr'>uostris</span> <span class='ocrx_word' id='word_1_192' title='bbox 1293 2981 1296 2987; x_wconf 88' lang='lat'>·</span> 
     </span>
    </p>
   </div>
   <div class='ocr_carea' id='block_1_5' title="bbox 63 3043 1203 4471">
    <p class='ocr_par' dir='ltr' id='par_1_8' title="bbox 66 3043 1202 3230">
     <span class='ocr_line' id='line_1_26' title="bbox 66 3043 1202 3127; baseline 0.003 -23"><span class='ocrx_word' id='word_1_193' title='bbox 66 3044 191 3106; x_wconf 81' lang='lat' dir='ltr'>saeculo</span> <span class='ocrx_word' id='word_1_194' title='bbox 214 3043 339 3124; x_wconf 83' lang='lat' dir='ltr'>decret,</span> <span class='ocrx_word' id='word_1_195' title='bbox 369 3050 404 3106; x_wconf 90' lang='lat' dir='ltr'>ut</span> <span class='ocrx_word' id='word_1_196' title='bbox 426 3049 621 3106; x_wconf 75' lang='lat' dir='ltr'>curreretur</span> <span class='ocrx_word' id='word_1_197' title='bbox 644 3044 759 3126; x_wconf 84' lang='lat' dir='ltr'>uliquis</span> <span class='ocrx_word' id='word_1_198' title='bbox 782 3044 901 3106; x_wconf 75' lang='lat' dir='ltr'>solidus</span> <span class='ocrx_word' id='word_1_199' title='bbox 924 3066 944 3106; x_wconf 86' lang='lat' dir='ltr'>u</span> <span class='ocrx_word' id='word_1_200' title='bbox 964 3045 1083 3127; x_wconf 81' lang='lat' dir='ltr'>piratis</span> <span class='ocrx_word' id='word_1_201' title='bbox 1090 3094 1100 3125; x_wconf 89' lang='lat'>,</span> <span class='ocrx_word' id='word_1_202' title='bbox 1130 3045 1202 3107; x_wconf 86' lang='lat' dir='ltr'>ulii-</span> 
     </span>
     <span class='ocr_line' id='line_1_27' title="bbox 66 3153 1080 3230; baseline 0.002 -21"><span class='ocrx_word' id='word_1_203' title='bbox 66 3154 162 3230; x_wconf 73' lang='lat' dir='ltr'>potus</span> <span class='ocrx_word' id='word_1_204' title='bbox 185 3169 206 3210; x_wconf 86' lang='lat' dir='ltr'>u</span> <span class='ocrx_word' id='word_1_205' title='bbox 226 3153 328 3229; x_wconf 81' lang='lat' dir='ltr'>putre.</span> <span class='ocrx_word' id='word_1_206' title='bbox 1077 3206 1080 3211; x_wconf 84' lang='lat'>.</span> 
     </span>
    </p>

    <p class='ocr_par' dir='ltr' id='par_1_9' title="bbox 65 3250 1202 3524">
     <span class='ocr_line' id='line_1_28' title="bbox 169 3250 1201 3335; baseline 0.002 -21"><span class='ocrx_word' id='word_1_207' title='bbox 169 3253 232 3315; x_wconf 90' lang='lat' dir='ltr'>De</span> <span class='ocrx_word' id='word_1_208' title='bbox 250 3252 626 3331; x_wconf 78' lang='lat' dir='ltr'>praepositionum</span> <span class='ocrx_word' id='word_1_209' title='bbox 648 3272 744 3316; x_wconf 80' lang='lat' dir='ltr'>resec.</span> <span class='ocrx_word' id='word_1_210' title='bbox 777 3250 938 3334; x_wconf 62' lang='lat' dir='ltr'>(DQeger</span> <span class='ocrx_word' id='word_1_211' title='bbox 954 3252 971 3333; x_wconf 64' lang='grc' dir='ltr'>ξ</span> <span class='ocrx_word' id='word_1_212' title='bbox 988 3255 1050 3317; x_wconf 82' lang='lat'>252</span> <span class='ocrx_word' id='word_1_213' title='bbox 1067 3274 1094 3318; x_wconf 89' lang='lat' dir='ltr'>e.</span> <span class='ocrx_word' id='word_1_214' title='bbox 1112 3274 1142 3335; x_wconf 87' lang='lat' dir='ltr'>q.</span> <span class='ocrx_word' id='word_1_215' title='bbox 1159 3251 1201 3334; x_wconf 79' lang='lat' dir='ltr'>s.)</span> 
     </span>
     <span class='ocr_line' id='line_1_29' title="bbox 66 3354 1202 3437; baseline 0.003 -19"><span class='ocrx_word' id='word_1_216' title='bbox 66 3354 178 3420; x_wconf 85' lang='lat' dir='ltr'>Etiam</span> <span class='ocrx_word' id='word_1_217' title='bbox 193 3354 246 3418; x_wconf 92' lang='lat' dir='ltr'>hic</span> <span class='ocrx_word' id='word_1_218' title='bbox 263 3355 471 3436; x_wconf 89' lang='lat' dir='ltr'>acquiescam</span> <span class='ocrx_word' id='word_1_219' title='bbox 487 3356 520 3420; x_wconf 92' lang='lat' dir='ltr'>in</span> <span class='ocrx_word' id='word_1_220' title='bbox 536 3355 733 3420; x_wconf 90' lang='lat' dir='ltr'>adnotandis</span> <span class='ocrx_word' id='word_1_221' title='bbox 749 3355 796 3419; x_wconf 89' lang='lat' dir='ltr'>eis</span> <span class='ocrx_word' id='word_1_222' title='bbox 811 3357 919 3433; x_wconf 89' lang='lat' dir='ltr'>rebus,</span> <span class='ocrx_word' id='word_1_223' title='bbox 944 3356 1060 3437; x_wconf 87' lang='lat' dir='ltr'>quibus</span> <span class='ocrx_word' id='word_1_224' title='bbox 1077 3357 1202 3421; x_wconf 90' lang='lat' dir='ltr'>Seneca</span> 
     </span>
     <span class='ocr_line' id='line_1_30' title="bbox 65 3457 652 3524; baseline 0.003 -3"><span class='ocrx_word' id='word_1_225' title='bbox 65 3478 86 3521; x_wconf 92' lang='lat' dir='ltr'>a</span> <span class='ocrx_word' id='word_1_226' title='bbox 110 3457 207 3523; x_wconf 88' lang='lat' dir='ltr'>solito</span> <span class='ocrx_word' id='word_1_227' title='bbox 231 3457 360 3522; x_wconf 89' lang='lat' dir='ltr'>dicendi</span> <span class='ocrx_word' id='word_1_228' title='bbox 383 3480 444 3522; x_wconf 90' lang='lat' dir='ltr'>usu</span> <span class='ocrx_word' id='word_1_229' title='bbox 467 3458 652 3524; x_wconf 88' lang='lat' dir='ltr'>recesserit.</span> 
     </span>
    </p>

    <p class='ocr_par' dir='ltr' id='par_1_10' title="bbox 63 3559 1203 4262">
     <span class='ocr_line' id='line_1_31' title="bbox 167 3559 1201 3645; baseline 0.005 -22"><span class='ocrx_word' id='word_1_230' title='bbox 167 3559 302 3625; x_wconf 87' lang='lat' dir='ltr'>Initium</span> <span class='ocrx_word' id='word_1_231' title='bbox 334 3561 436 3643; x_wconf 84' lang='lat' dir='ltr'>igitur</span> <span class='ocrx_word' id='word_1_232' title='bbox 468 3561 595 3645; x_wconf 89' lang='lat' dir='ltr'>capiam</span> <span class='ocrx_word' id='word_1_233' title='bbox 628 3583 648 3625; x_wconf 94' lang='lat' dir='ltr'>a</span> <span class='ocrx_word' id='word_1_234' title='bbox 677 3561 921 3645; x_wconf 87' lang='lat' dir='ltr'>praepositione</span> <span class='ocrx_word' id='word_1_235' title='bbox 945 3562 1001 3627; x_wconf 85' lang='lat' dir='ltr'>ub.</span> <span class='ocrx_word' id='word_1_236' title='bbox 1048 3563 1137 3639; x_wconf 85' lang='lat' dir='ltr'>Quae</span> <span class='ocrx_word' id='word_1_237' title='bbox 1169 3563 1201 3628; x_wconf 94' lang='lat' dir='ltr'>in</span> 
     </span>
     <span class='ocr_line' id='line_1_32' title="bbox 65 3663 1203 3747; baseline 0.003 -21"><span class='ocrx_word' id='word_1_238' title='bbox 65 3663 230 3727; x_wconf 90' lang='lat' dir='ltr'>nonnullis</span> <span class='ocrx_word' id='word_1_239' title='bbox 261 3664 480 3729; x_wconf 91' lang='lat' dir='ltr'>locutionibus</span> <span class='ocrx_word' id='word_1_240' title='bbox 511 3686 577 3729; x_wconf 93' lang='lat' dir='ltr'>non</span> <span class='ocrx_word' id='word_1_241' title='bbox 605 3665 653 3730; x_wconf 89' lang='lat' dir='ltr'>ita</span> <span class='ocrx_word' id='word_1_242' title='bbox 682 3665 790 3730; x_wconf 88' lang='lat' dir='ltr'>solitis</span> <span class='ocrx_word' id='word_1_243' title='bbox 813 3665 988 3730; x_wconf 89' lang='lat' dir='ltr'>invenitur.</span> <span class='ocrx_word' id='word_1_244' title='bbox 1035 3688 1062 3731; x_wconf 89' lang='lat' dir='ltr'>e.</span> <span class='ocrx_word' id='word_1_245' title='bbox 1086 3689 1133 3747; x_wconf 84' lang='lat' dir='ltr'>g.:</span> <span class='ocrx_word' id='word_1_246' title='bbox 1159 3667 1203 3729; x_wconf 84' lang='lat' dir='ltr'>cd</span> 
     </span>
     <span class='ocr_line' id='line_1_33' title="bbox 67 3766 1201 3852; baseline 0.005 -25"><span class='ocrx_word' id='word_1_247' title='bbox 67 3766 220 3843; x_wconf 84' lang='lat' dir='ltr'>ultimum,</span> <span class='ocrx_word' id='word_1_248' title='bbox 249 3788 346 3847; x_wconf 91' lang='lat' dir='ltr'>quam</span> <span class='ocrx_word' id='word_1_249' title='bbox 369 3768 566 3832; x_wconf 90' lang='lat' dir='ltr'>locutionem</span> <span class='ocrx_word' id='word_1_250' title='bbox 588 3769 777 3850; x_wconf 87' lang='lat' dir='ltr'>Draegerus</span> <span class='ocrx_word' id='word_1_251' title='bbox 800 3770 886 3852; x_wconf 90' lang='lat' dir='ltr'>apud</span> <span class='ocrx_word' id='word_1_252' title='bbox 910 3769 1037 3832; x_wconf 89' lang='lat' dir='ltr'>Livium</span> <span class='ocrx_word' id='word_1_253' title='bbox 1061 3770 1201 3851; x_wconf 88' lang='lat' dir='ltr'>primum</span> 
     </span>
     <span class='ocr_line' id='line_1_34' title="bbox 65 3867 1200 3953; baseline 0.005 -22"><span class='ocrx_word' id='word_1_254' title='bbox 65 3867 206 3933; x_wconf 88' lang='lat' dir='ltr'>inveniri</span> <span class='ocrx_word' id='word_1_255' title='bbox 230 3869 319 3948; x_wconf 89' lang='lat' dir='ltr'>dicit,</span> <span class='ocrx_word' id='word_1_256' title='bbox 347 3892 443 3953; x_wconf 88' lang='lat' dir='ltr'>quem</span> <span class='ocrx_word' id='word_1_257' title='bbox 467 3875 598 3936; x_wconf 87' lang='lat' dir='ltr'>secutos</span> <span class='ocrx_word' id='word_1_258' title='bbox 622 3894 695 3936; x_wconf 90' lang='lat' dir='ltr'>esse</span> <span class='ocrx_word' id='word_1_259' title='bbox 719 3872 876 3950; x_wconf 82' lang='lat' dir='ltr'>Curtium,</span> <span class='ocrx_word' id='word_1_260' title='bbox 900 3872 1068 3936; x_wconf 87' lang='lat' dir='ltr'>Valerium</span> <span class='ocrx_word' id='word_1_261' title='bbox 1092 3874 1200 3937; x_wconf 83' lang='lat' dir='ltr'>Maxi-</span> 
     </span>
     <span class='ocr_line' id='line_1_35' title="bbox 64 3972 1201 4056; baseline 0.004 -22"><span class='ocrx_word' id='word_1_262' title='bbox 64 3993 153 4035; x_wconf 90' lang='lat' dir='ltr'>mum</span> <span class='ocrx_word' id='word_1_263' title='bbox 185 3972 393 4056; x_wconf 83' lang='lat' dir='ltr'>maximeque</span> <span class='ocrx_word' id='word_1_264' title='bbox 426 3975 645 4041; x_wconf 87' lang='lat' dir='ltr'>Lactantium.</span> <span class='ocrx_word' id='word_1_265' title='bbox 691 3977 754 4041; x_wconf 89' lang='lat' dir='ltr'>Sed</span> <span class='ocrx_word' id='word_1_266' title='bbox 787 3998 827 4041; x_wconf 92' lang='lat' dir='ltr'>ne</span> <span class='ocrx_word' id='word_1_267' title='bbox 859 3976 1044 4040; x_wconf 86' lang='lat' dir='ltr'>aSenccae</span> <span class='ocrx_word' id='word_1_268' title='bbox 1072 3977 1201 4056; x_wconf 76' lang='lat' dir='ltr'>quirlem</span> 
     </span>
     <span class='ocr_line' id='line_1_36' title="bbox 66 4073 1200 4162; baseline 0.004 -25"><span class='ocrx_word' id='word_1_269' title='bbox 66 4073 194 4139; x_wconf 86' lang='lat' dir='ltr'>dicendi</span> <span class='ocrx_word' id='word_1_270' title='bbox 226 4097 288 4140; x_wconf 90' lang='lat' dir='ltr'>usu</span> <span class='ocrx_word' id='word_1_271' title='bbox 317 4076 407 4141; x_wconf 90' lang='lat' dir='ltr'>illam</span> <span class='ocrx_word' id='word_1_272' title='bbox 436 4079 577 4143; x_wconf 89' lang='lat' dir='ltr'>alienam</span> <span class='ocrx_word' id='word_1_273' title='bbox 609 4100 682 4144; x_wconf 89' lang='lat' dir='ltr'>esse</span> <span class='ocrx_word' id='word_1_274' title='bbox 715 4101 757 4144; x_wconf 86' lang='lat' dir='ltr'>ex</span> <span class='ocrx_word' id='word_1_275' title='bbox 781 4080 1000 4162; x_wconf 90' lang='lat' dir='ltr'>compluribus</span> <span class='ocrx_word' id='word_1_276' title='bbox 1025 4079 1103 4143; x_wconf 83' lang='lat' dir='ltr'>loris</span> <span class='ocrx_word' id='word_1_277' title='bbox 1128 4102 1200 4161; x_wconf 78' lang='lat' dir='ltr'>prr-</span> 
     </span>
     <span class='ocr_line' id='line_1_37' title="bbox 63 4176 554 4262; baseline 0.014 -22"><span class='ocrx_word' id='word_1_278' title='bbox 63 4176 212 4260; x_wconf 86' lang='lat' dir='ltr'>spicitur,</span> <span class='ocrx_word' id='word_1_279' title='bbox 237 4199 264 4244; x_wconf 91' lang='lat' dir='ltr'>e.</span> <span class='ocrx_word' id='word_1_280' title='bbox 288 4201 319 4262; x_wconf 86' lang='lat' dir='ltr'>g.</span> <span class='ocrx_word' id='word_1_281' title='bbox 345 4182 436 4260; x_wconf 76' lang='lat'>1355,</span> <span class='ocrx_word' id='word_1_282' title='bbox 461 4184 554 4247; x_wconf 71' lang='lat'>2149.</span> 
     </span>
    </p>

    <p class='ocr_par' dir='ltr' id='par_1_11' title="bbox 63 4279 1199 4471">
     <span class='ocr_line' id='line_1_38' title="bbox 165 4279 1196 4367; baseline 0.005 -25"><span class='ocrx_word' id='word_1_283' title='bbox 165 4279 291 4347; x_wconf 90' lang='lat' dir='ltr'>Deinde</span> <span class='ocrx_word' id='word_1_284' title='bbox 321 4287 575 4349; x_wconf 88' lang='lat' dir='ltr'>commemoratu</span> <span class='ocrx_word' id='word_1_285' title='bbox 605 4285 704 4367; x_wconf 83' lang='lat' dir='ltr'>digna</span> <span class='ocrx_word' id='word_1_286' title='bbox 734 4290 786 4349; x_wconf 89' lang='lat' dir='ltr'>est</span> <span class='ocrx_word' id='word_1_287' title='bbox 819 4286 940 4350; x_wconf 90' lang='lat' dir='ltr'>locutio</span> <span class='ocrx_word' id='word_1_288' title='bbox 976 4287 1017 4346; x_wconf 87' lang='lat' dir='ltr'>ml</span> <span class='ocrx_word' id='word_1_289' title='bbox 1051 4289 1196 4357; x_wconf 71' lang='lat' dir='ltr'>uturum,</span> 
     </span>
     <span class='ocr_line' id='line_1_39' title="bbox 63 4383 1199 4471; baseline 0.002 -26"><span class='ocrx_word' id='word_1_290' title='bbox 63 4403 129 4465; x_wconf 90' lang='lat' dir='ltr'>qua</span> <span class='ocrx_word' id='word_1_291' title='bbox 153 4383 317 4449; x_wconf 85' lang='lat' dir='ltr'>Ciceronis</span> <span class='ocrx_word' id='word_1_292' title='bbox 340 4386 420 4450; x_wconf 90' lang='lat' dir='ltr'>illud</span> <span class='ocrx_word' id='word_1_293' title='bbox 444 4388 487 4449; x_wconf 85' lang='lat' dir='ltr'>od</span> <span class='ocrx_word' id='word_1_294' title='bbox 510 4387 634 4453; x_wconf 85' lang='lat' dir='ltr'>uerbum</span> <span class='ocrx_word' id='word_1_295' title='bbox 657 4389 806 4454; x_wconf 90' lang='lat' dir='ltr'>imitatus</span> <span class='ocrx_word' id='word_1_296' title='bbox 828 4389 951 4453; x_wconf 89' lang='lat' dir='ltr'>Seneca</span> <span class='ocrx_word' id='word_1_297' title='bbox 975 4390 1097 4471; x_wconf 69' lang='lat' dir='ltr'>prinum</span> <span class='ocrx_word' id='word_1_298' title='bbox 1123 4412 1199 4451; x_wconf 67' lang='lat' dir='ltr'>usus</span> 
     </span>
    </p>
   </div>
   <div class='ocr_carea' id='block_1_6' title="bbox 0 0 1546 5064">
    <p class='ocr_par' dir='ltr' id='par_1_12' title="bbox 0 0 1546 5064">
     <span class='ocr_line' id='line_1_40' title="bbox 0 0 1546 5064; baseline 0 2"><span class='ocrx_word' id='word_1_299' title='bbox 0 0 1546 5064; x_wconf 95' lang='lat' dir='ltr'> </span> 
     </span>
    </p>
   </div>
  </div>
 </body>
</html>
