3052 5070
554 346 765 407 ‚35-

87 538 224 619 quidem
247 536 356 620 speeie
379 535 441 599 huo
464 533 637 599 referenda
660 555 732 598 esse
756 533 918 614 videntur,
943 536 971 600 si
995 536 1094 601 altius
1117 538 1227 622 inspe-

88 641 193 718 xeris
217 639 282 704 alio
301 639 396 703 modo
412 659 485 702 esse
508 638 758 720 interpretanda
781 637 917 703 videbis
941 639 1134 722 Exquibus
1157 646 1227 708 est:

89 745 157 807 73⁷
180 744 431 824 infelicissimam
456 741 544 805 urribo
561 748 588 803 et
604 742 820 811 tristissimum
842 743 960 823 ecimus
975 745 1079 823 cibum,
1104 753 1228 828 eccepto

85 868 165 927 uno,
188 847 270 932 quod
294 848 373 909 ulter
397 847 532 908 alterum
554 851 690 927 epentem
712 845 857 909 uidimus.
912 845 999 910 Nam
1021 855 1144 931 eccepto
1166 871 1228 913 uno

84 949 176 1013 idem
199 950 290 1014 valet
313 970 351 1012 ac
375 950 403 1010 si
425 968 523 1010 rentem
548 949 712 1030 exceperis.

194 1078 252 1142 Cui
275 1079 345 1142 loco
370 1077 494 1142 similes
517 1081 611 1143 sunt:
638 1079 746 1156 17817,
772 1081 878 1157 21013,
903 1081 1011 1159 neon,
1036 1084 1098 1146 317
1106 1103 1143 1147 aa.

199 1208 263 1272 Sed
286 1208 387 1273 etiam
413 1211 491 1272 1921
528 1210 593 1271 ioco
616 1229 732 1292 quoque
754 1217 870 1273 remoto
893 1210 994 1274 oiebai
1015 1233 1082 1274 rem
1104 1214 1228 1276 uerissi-

85 1334 174 1377 mam
197 1313 314 1397 partio.
337 1312 477 1395 perfecti
503 1313 601 1377 solita
634 1334 694 1377 sua
725 1312 857 1378 notione
883 1314 1026 1397 positum
1052 1335 1126 1380 esse
1152 1337 1228 1380 oen·

86 1439 156 1483 seo.
202 1416 334 1481 Dixerit
377 1416 519 1481 fortasse
549 1415 712 1499 quispiam
740 1418 806 1479 ioco
839 1426 955 1482 remoto
993 1418 1116 1483 dictum
1154 1440 1227 1483 esse

85 1542 149 1605 pro
179 1523 281 1584 iocum
310 1540 469 1582 removens
498 1520 569 1584 sive
598 1521 673 1582 dum
704 1522 807 1584 iorum
829 1528 970 1586 removet.
1015 1523 1079 1586 Sed
1102 1521 1131 1586 si
1153 1521 1226 1586 dili-

84 1624 222 1706 gentius
246 1623 516 1701 consideraveris
543 1623 653 1706 potius
677 1645 750 1687 esse
772 1624 1056 1708 interpretandum
1079 1625 1225 1691 videbis:

85 1750 160 1791 cum
191 1730 293 1790 iocum
324 1728 500 1789 removisset
524 1726 584 1807 (z
609 1729 672 1790 ioco
685 1728 786 1809 finem
817 1729 1013 1811 imposuisset
1013 1728 1033 1808 )
1057 1729 1138 1791 dicit
1160 1749 1227 1792 rem

85 1832 299 1896 verissimum.

191 1961 315 2025 Verum
349 1980 413 2024 non
448 1960 566 2024 desunt
599 1959 678 2037 loci,
714 1960 831 2040 quibus
863 1981 899 2024 re
929 1981 1008 2025 vera
1041 1961 1225 2044 perfeetum

83 2063 222 2130 defendi
237 2085 302 2127 non
317 2063 433 2146 possit.
465 2064 527 2125 243
550 2064 632 2125 ulios
655 2065 776 2145 nepotis
798 2064 948 2126 imbribus
963 2064 1062 2127 solum
1078 2073 1223 2129 exurunt.

81 2167 176 2232 Nam
199 2168 323 2249 nepotis
345 2163 494 2228 imbribus
516 2163 568 2228 hie
590 2164 873 2247 interpretandum
906 2187 979 2231 esse
1009 2170 1084 2251 quio
1112 2168 1226 2231 imbres

79 2276 246 2352 ueprrulur
269 2290 311 2333 ex
334 2267 437 2333 totius
461 2267 525 2332 loci
548 2268 713 2333 sententia
736 2269 944 2352 perspicuum
967 2273 1028 2335 est.

190 2398 312 2463 Similis
347 2401 398 2463 est
429 2400 489 2462 73⁸
508 2398 615 2479 proici
647 2417 694 2460 me
726 2398 858 2461 adiectis
893 2400 1092 2462 contumeliae
1125 2398 1226 2462 uerbis

79 2504 189 2566 iussit.
234 2501 321 2565 Nam
354 2523 413 2584 pro
438 2501 569 2564 urbicolis
602 2500 700 2563 uerbis
732 2501 999 2584 exspectaveris:
1026 2505 1226 2567 contumeliae

80 2606 180 2668 uerbo
203 2606 349 2668 adiciens.

189 2733 310 2797 Nescio
347 2755 390 2798 an
427 2733 460 2796 in
504 2734 565 2798 hoo
609 2756 745 2800 numero
790 2733 905 2799 haberi
949 2737 1056 2818 possit
1101 2737 1222 2817 etiarn:

80 2841 164 2902 331o
200 2838 284 2900 ornrzi
316 2837 448 2900 dimissu
487 2837 638 2901 diuisione
667 2844 790 2901 inuium
821 2840 981 2903 exultauit.
1033 2839 1120 2905 Nam
1151 2863 1224 2906 cum

82 2942 138 3019 id,
172 2941 258 3022 quod
287 2945 339 3006 est
372 2941 553 3004 diuisionem
575 2943 739 3022 dimittere,
773 2947 922 3026 tempore
953 2965 1017 3008 non
1049 2946 1224 3010 antecedat

82 3045 132 3123 ei,
168 3045 253 3126 quod
286 3048 338 3109 est
369 3046 528 3123 muliere,
562 3046 619 3110 sed
648 3050 822 3129 utrumque
847 3047 960 3112 eodem
983 3050 1131 3131 tempore
1153 3051 1222 3128 fiat,

83 3153 216 3232 tempus
260 3169 417 3231 praesens
463 3154 715 3232 exspectamus,
760 3155 797 3216 ut
840 3154 925 3214 ornei
967 3151 1098 3215 dimissu
1143 3152 1223 3214 divi-

82 3255 169 3317 sione
192 3251 344 3317 videatur
360 3252 483 3317 dictum
506 3274 579 3318 esse
602 3275 680 3336 pro:
706 3274 824 3318 ommm
847 3255 1008 3318 dimittens
1030 3254 1221 3319 diuisionem.

84 3355 149 3419 Sed
179 3356 265 3417 oneri
294 3355 426 3417 diruisse
462 3355 612 3419 diuisione
644 3356 744 3421 etiam
774 3358 814 3421 de
841 3357 1042 3439 cogitatione
1074 3357 1222 3438 intellegi

85 3460 206 3538 potest,
230 3479 314 3538 quae
337 3458 504 3524 antecedit
527 3459 566 3537 ei,
590 3460 675 3541 quod
699 3464 750 3524 est
773 3461 923 3526 calcitare.

185 3585 276 3651 Haec
300 3590 376 3652 sunt
398 3587 494 3651 huius
517 3610 596 3652 usus
621 3591 791 3672 exempla,
823 3612 915 3671 quae.
931 3591 1062 3673 quidem
1085 3593 1221 3655 exstant

87 3690 171 3773 apud
195 3688 362 3754 Senecam.
394 3690 484 3767 Quae
508 3692 593 3772 quod
616 3713 721 3775 pauca
744 3696 821 3757 sunt
840 3693 963 3776 optime
979 3693 1132 3758 convenit
1148 3715 1221 3758 cum

86 3793 141 3872 eis,
167 3813 251 3876 quae
274 3793 314 3856 de
337 3793 397 3857 hoc
419 3815 540 3875 genere
556 3794 641 3860 dixit
657 3795 854 3878 Draegerus,
880 3797 970 3878 quil.
987 3797 1008 3862 1.
1025 3797 1221 3862 docethuno
1244 3843 1247 3849 ·

84 3896 236 3977 loquendi
252 3919 347 3961 usum
362 3919 382 3962 a
398 3897 552 3963 Cicerone
568 3902 685 3979 ortum,
710 3902 796 3983 apud
819 3901 1020 3983 posteriores
1041 3900 1237 3984 scriptores.

84 3997 219 4064 Latinos
241 4021 353 4064 rarum
376 3999 490 4066 videri.

182 4129 298 4211 Neque
336 4129 442 4194 minus
480 4153 556 4196 rara
600 4136 677 4198 sunt
722 4134 809 4216 apud
847 4133 1004 4200 Senecam
1042 4138 1219 4219 participio

84 4233 216 4314 perfecti
260 4233 440 4315 deponentis
484 4235 634 4300 absolute
679 4242 839 4320 usurpata
885 4238 1046 4321 (Draeger
1080 4239 1097 4319 ἕ
1132 4236 1218 4320 583).

85 4333 169 4399 Nam
204 4337 333 4401 omnino
368 4338 437 4402 eius
470 4338 600 4418 generis
637 4340 718 4403 nihil
755 4340 921 4406 invenitur
954 4345 1086 4424 praeter
1121 4364 1219 4406 unum

1085 4475 1115 4523 3*
