3082 5064
670 406 881 468 ‚51-

316 595 348 676 2)
371 595 572 678 adfirmo:
596 598 681 660 4312·
698 596 832 676 adfirmo
856 595 920 673 tibi,
943 597 1182 678 nontliacum,
1205 602 1344 686 quisquis

214 699 322 779 faerit.

316 821 366 884 Dc
386 823 555 886 enuntiatis
578 821 771 885 coordinatis
792 841 853 903 pro
876 821 1149 890 coacticioaalc‘blcs.
1184 823 1344 909 (Draeger

218 922 235 1004 ἕ
253 924 337 1005 373).
371 925 441 1002 Qua
463 927 497 991 in
518 946 555 991 re
577 946 659 1008 quas
682 925 828 991 rationes
851 925 974 991 Seneca
996 931 1129 992 secutus
1152 929 1205 1009 sit,
1229 930 1343 1013 paucis

215 1027 421 1095 adumbrabo.

314 1150 399 1215 Loco
432 1151 576 1234 protasis
607 1143 824 1234 imperativus
858 1173 930 1217 esse
963 1156 1092 1236 potest,
1125 1174 1222 1236 quem
1256 1156 1343 1238 apud

216 1251 355 1334 optimos
371 1252 501 1335 quidem
517 1252 695 1318 latinitatis
711 1256 864 1318 auctores
881 1252 1045 1338 particula
1067 1255 1256 1339 copulativa
1278 1279 1342 1323 non

213 1355 367 1436 sequitur.
412 1356 516 1432 Quam
547 1357 653 1438 legem
685 1357 842 1423 Senecam
866 1378 993 1439 quoque
1016 1359 1237 1442 compluribus
1260 1361 1341 1426 locis
1369 1386 1374 1393 ·

211 1459 439 1524 observavisse
462 1459 627 1525 videmus:

313 1582 390 1644 1820
417 1586 504 1643 mata
537 1583 634 1659 caim,
665 1588 700 1645 at
731 1589 836 1646 noster
865 1585 924 1647 sit:
953 1583 1069 1666 peribit
1103 1584 1203 1646 annis
1231 1602 1341 1648 ocreas

210 1684 381 1766 clepoatia3
404 1686 482 1750 3711
505 1692 606 1767 repeto
629 1686 764 1768 opedam
787 1694 829 1751 tot
850 1687 1042 1769 patrocinia,
1066 1693 1109 1749 tot
1133 1686 1290 1749 clientelas
1313 1693 1340 1750 ct

207 1789 379 1850 maximam
402 1787 615 1871 beneficiorum
637 1797 764 1853 taccam
786 1788 868 1871 <raia
899 1789 1057 1872 publicam
1082 1785 1200 1871 ipsam>
1227 1788 1339 1869 (codd.

207 1887 348 1971 ipsacal:
370 1892 435 1953 iam
457 1891 614 1974 iatcllcpcs
638 1889 812 1957 Oiccroaaa
843 1895 876 1955 ia
905 1898 1035 1956 mortam
1068 1893 1138 1974 copi
1167 1912 1275 1976 posse,
1306 1895 1340 1957 in

203 2013 308 2076 preces
330 2013 393 2056 aaa
411 2012 511 2076 posca.

309 2114 380 2180 Hoc
401 2115 473 2181 loco
495 2115 580 2182 facio
597 2139 669 2182 cum
685 2117 898 2201 Schultingio,
922 2139 981 2202 pro
1003 2119 1116 2201 ipsam,
1141 2118 1225 2199 quod
1249 2117 1338 2183 codi-

209 2216 300 2282 cibus
321 2219 480 2285 traditum
504 2224 573 2301 est,
598 2223 698 2304 ipsam
722 2222 886 2287 scribente
908 2224 1008 2302 atque
1030 2224 1109 2286 ante
1123 2220 1208 2285 hanc
1223 2241 1337 2286 vocem

206 2322 449 2404 rempublicam
476 2323 651 2389 inserente.
698 2325 801 2401 Quam
831 2323 1054 2389 coniecturam
1086 2344 1106 2388 a
1136 2322 1337 2415 Kiesslingio

206 2428 240 2489 et
262 2425 401 2491 Miillero
424 2427 598 2509 probatam
629 2425 776 2490 refutare
809 2425 1046 2507 lectionemque
1069 2424 1227 2490 traditam
1249 2425 1337 2491 tueri

205 2550 308 2612 nuper
324 2533 460 2595 conatus
476 2532 529 2594 est
544 2530 718 2608 Sanderus,
736 2529 950 2613 Sprachgebr.
966 2529 998 2593 ll
1013 2551 1044 2612 p.
1061 2531 1118 2606 213
1135 2527 1190 2610 qui
1206 2527 1336 2610 quidem

207 2631 285 2697 illud
307 2634 411 2716 ipsam
437 2633 598 2716 explicat:
631 2633 680 2697 dic
702 2631 889 2699 Gasacntlccit
911 2631 1027 2711 deseca,
1051 2653 1118 2697 coos
1140 2632 1184 2695 cla
1205 2652 1265 2695 aas
1287 2652 1337 2715 pc·

206 2756 303 2799 wacca
325 2734 392 2800 bist.
433 2735 745 2818 interpretationem
768 2735 851 2800 satis
874 2734 1000 2814 miram,
1025 2755 1122 2816 quam
1145 2735 1337 2801 confirmare

206 2838 318 2904 studet
340 2861 360 2905 a
385 2839 516 2904 rhetore
531 2838 616 2903 hunc
632 2837 785 2920 loquendi
800 2838 931 2904 modum
947 2836 1090 2903 alienum
1106 2857 1178 2902 esse
1200 2859 1335 2920 negans.

206 2940 304 3005 Cuius
326 2941 486 3026 opinionis
509 2944 704 3023 argumenta
727 2940 841 3006 attulit
864 2941 963 3018 nulla,
987 2961 1101 3024 neque,
1125 2943 1163 3006 ut
1185 2940 1336 3023 equidem

206 3041 337 3126 opinor,
371 3044 482 3110 afferri
515 3064 613 3127 posse
647 3042 797 3125 cuiquam
827 3043 1048 3127 persuadebit.
1093 3043 1166 3109 Huc
1198 3044 1334 3124 accedit,

205 3147 290 3229 quod
320 3147 375 3213 illa
393 3151 498 3230 ipsam
517 3148 701 3231 κακοφωνιά,
732 3169 829 3230 quam
852 3151 982 3225 vocant,
1007 3147 1111 3214 oritur
1133 3148 1334 3233 turpissima.

203 3250 253 3314 Ac
285 3272 326 3314 ne
357 3251 555 3316 Bursianum
586 3251 715 3333 quidem
746 3254 836 3316 recte
866 3250 1010 3316 sensisse
1036 3254 1139 3335 puto,
1174 3257 1202 3314 tc
1234 3252 1335 3335 iptam

204 3353 412 3419 scribentem.
468 3353 579 3439 Ipsam
606 3354 690 3420 enim
729 3354 888 3436 quomodo
925 3354 1140 3437 probabiliter
1177 3354 1335 3437 explicari

204 3457 320 3540 possit,
344 3457 494 3539 equidem
516 3480 581 3524 non
604 3458 708 3523 video.
754 3456 800 3521 At
820 3456 944 3540 optima
967 3461 1019 3523 est
1041 3456 1235 3540 Schultingii
1258 3478 1334 3523 con-

203 3560 349 3626 iectura:
373 3562 610 3644 rempublicam
625 3563 737 3644 ipsam.
768 3560 834 3625 Fac
857 3560 943 3625 enim
966 3561 999 3626 in
1023 3560 1133 3626 codice
1156 3560 1335 3645 archetypo

202 3663 305 3734 fuisse
323 3684 350 3728 r.
361 3685 393 3746 p.
410 3666 522 3746 ipsam,
547 3664 612 3729 iam
628 3664 730 3742 vides,
755 3685 851 3745 quam
874 3664 972 3729 facile
995 3664 1147 3729 excidere
1168 3663 1335 3746 potuerint

202 3765 334 3831 litterae
356 3789 384 3832 r.
404 3789 438 3851 p.
471 3769 540 3846 Quo
562 3767 652 3832 fecto
674 3768 778 3850 ipsam
800 3765 834 3830 in
856 3768 960 3849 ipsam
982 3766 1104 3832 abiisse
1127 3766 1247 3831 nemini
1270 3789 1334 3831 non

202 3868 377 3936 videbitur.

305 3991 368 4057 Sed
383 3992 557 4058 redeamus
573 3992 614 4057 ad
629 4011 708 4056 rem.
743 3990 817 4055 Non
840 4011 969 4074 semper
991 3990 1093 4072 igitur
1115 3991 1204 4054 illam
1229 3991 1331 4070 legem

202 4092 360 4160 Senecam
389 4098 539 4160 secutum
570 4114 643 4160 esse
673 4091 770 4158 testis
802 4095 853 4157 est
884 4113 968 4156 unus
1000 4094 1105 4158 locus:
1135 4096 1225 4157 12111
1255 4114 1333 4173 ucpu

201 4204 290 4262 taam
312 4219 375 4264 essa
396 4199 563 4291 epistulam
584 4202 612 4260 ot
633 4194 725 4259 babes
749 4202 977 4279 arpamootaac.

303 4320 367 4385 Hic
400 4319 519 4385 addam
553 4316 654 4383 etiam
688 4316 776 4382 inter
809 4316 889 4381 duos
925 4315 1138 4399 imperativos
1177 4319 1330 4380 sericiani

199 4422 396 4505 particulam
419 4430 447 4486 ct
469 4441 571 4506 prope
600 4440 729 4505 semper
757 4419 922 4504 posuisse,
958 4419 990 4483 id
1022 4420 1106 4505 quod
1137 4422 1291 4487 abban-ct
1314 4445 1333 4485 a

1194 4526 1224 4582 4*
