3082 5064
663 385 875 446 „38ss

202 578 307 643 veniri
330 575 579 642 demonstravit.
626 577 709 638 2254
734 573 939 656 confitendam
960 572 1066 652 liabeo.
1089 574 1147 636 linc
1171 594 1215 634 uie
1240 595 1335 638 ceusu

203 681 400 766 afuissent.
435 682 534 744 43015
558 678 757 742 decennibus
788 679 864 740 meis
892 677 987 740 babeo
1016 677 1198 740 dicendum:
1230 677 1335 742 baberi.

202 788 301 851 eun
322 783 532 868 pugnandum
554 782 702 845 habebam
725 801 787 845 oca
809 783 995 873 imperatori
1016 787 1139 843 tontum
1162 780 1214 843 sed
1236 783 1336 864 putri.

304 905 471 969 Graecinus
493 904 642 987 giraudii
664 909 692 965 ct
713 903 881 984 gerundivi
904 900 1068 983 (Draeger
1084 900 1101 981 ἓ
1119 903 1196 976 5971
1251 963 1257 977 ,

202 1008 394 1093 saepissime
444 1007 567 1092 pendet
617 1027 659 1071 ex
708 1004 902 1069 nominibus,
967 1004 1068 1080 Quem
1112 1004 1227 1082 usum,
1236 989 1335 1087 inquo

202 1113 325 1177 Seneca
354 1133 418 1176 non
441 1111 573 1176 differat
595 1110 636 1174 ab
662 1109 806 1192 optimae
829 1106 951 1172 aetatis
974 1107 1199 1191 scriptoribus
1224 1129 1335 1172 exem-

201 1214 265 1298 plis
298 1215 438 1297 probare
470 1212 566 1277 huius
600 1211 663 1276 loci
696 1232 761 1275 non
795 1213 855 1275 est.
901 1211 1017 1292 Itaque
1052 1212 1260 1275 transeamus
1295 1209 1335 1274 ad

202 1318 419 1382 recensendos
442 1338 499 1381 eos
521 1317 627 1394 locos,
650 1314 767 1396 quibus
790 1313 831 1378 ad
854 1312 1044 1395 genetivum
1067 1312 1217 1394 gerundii
1240 1333 1336 1377 accu-

203 1420 332 1485 sativus
356 1418 488 1484 additus
511 1418 564 1482 sit.
610 1416 708 1480 Cuius
731 1438 810 1480 usus
834 1417 1000 1509 exempla,
1036 1437 1108 1481 cum
1138 1415 1224 1499 apud
1254 1415 1336 1479 alios

202 1521 381 1605 scriptores
405 1520 575 1586 rarissima
598 1519 675 1599 sint,
699 1520 785 1603 apud
809 1520 966 1584 Senecam
981 1519 1149 1601 complura
1164 1518 1336 1584 inveniun-

202 1629 266 1690 tur.
290 1624 406 1707 Neque
421 1627 533 1689 tamen
549 1645 569 1688 a
585 1623 684 1688 solita
700 1622 828 1688 dicendi
844 1622 1078 1687 consuetudine
1093 1622 1235 1687 recedit:
1253 1625 1336 1688 2579

203 1729 310 1792 acrior
332 1735 376 1791 esi
399 1727 556 1809 cupiditas
588 1728 698 1809 ipaoiu
728 1726 932 1809 cognoscendi
953 1744 1047 1809 qimau
1068 1732 1143 1788 uoto
1166 1725 1335 1808 repetendi.

202 1831 243 1896 cf.
267 1830 414 1914 Draeger
436 1853 467 1914 p.
493 1833 563 1895 797.

302 1951 349 2017 At
373 1954 471 2016 12610
493 1952 618 2031 negocii
648 1951 747 2014 utiam
776 1951 874 2014 olium
904 1950 952 2014 iiii
982 1970 1109 2014 causum
1142 1971 1205 2014 csse
1233 1972 1337 2034 perse·

200 2054 315 2138 quendi
336 2055 592 2138 tyrannicidam
617 2056 700 2119 164³
716 2055 772 2117 dot
789 2054 844 2118 tibi
865 2060 973 2117 erotem
995 2055 1221 2118 reconciliandi
1243 2075 1334 2136 su033

201 2158 301 2222 47319
324 2157 380 2222 boc
403 2165 447 2222 cst
470 2165 572 2222 cirtem
591 2157 726 2221 medium
740 2158 821 2221 iliud
836 2179 934 2241 penus
948 2179 1003 2221 nec
1019 2159 1195 2222 diraiiieudi
1210 2158 1334 2222 divitem

201 2281 257 2324 nco
279 2262 462 2326 accusandi.

301 2383 397 2447 Hunc
419 2403 515 2446 usum
537 2403 578 2447 ne
605 2381 843 2466 posterioribus
876 2382 1006 2464 quidem
1037 2383 1239 2466 temporibus
1269 2385 1334 2448 fre-

201 2487 354 2567 quentem
376 2484 479 2549 fuisse
502 2487 642 2567 apparet
664 2506 707 2549 ex
724 2506 828 2568 parvo
844 2486 1068 2568 exemplorum
1083 2507 1228 2565 numere,
1253 2509 1336 2570 quae

202 2587 543 2669 quidemDracgerus
566 2588 586 2652 1.
610 2589 631 2652 1.
656 2587 798 2669 collegit.
844 2588 967 2664 Quibus
997 2589 1146 2654 addenda
1180 2593 1256 2673 sunt
1280 2591 1336 2655 illa

201 2690 390 2756 Annaeana.

301 2811 393 2875 Haec
430 2814 508 2875 sunt
545 2832 629 2892 quae
667 2812 706 2876 de
743 2833 817 2894 gen.
851 2812 986 2893 gerund.
1021 2812 1206 2878 observavi.
1266 2813 1336 2878 Iam

200 2919 409 2981 transeamus
432 2915 490 2981 ad:

301 3035 493 3100 Dotioum
523 3037 720 3119 giraudii
749 3033 914 3118 (Draeger
937 3037 954 3117 ἓ
979 3036 1065 3117 598),

201 3156 256 3238 qui
288 3170 353 3221 non
383 3160 460 3222 ante
493 3161 671 3240 argenteae
701 3157 893 3224 Latinitatis
931 3158 1108 3241 scriptores
1145 3159 1335 3226 increbruit.

201 3260 303 3336 Quem
326 3261 412 3344 apud
436 3261 594 3327 Senecam
616 3284 680 3327 uno
703 3263 774 3327 loco
797 3261 997 3326 invenimus:
1021 3264 1120 3327 46826
1144 3266 1337 3328 occasionem

201 3363 351 3446 loquendo
374 3370 474 3446 capio.
531 3380 533 3387 ·

301 3466 424 3531 Seneca
446 3465 548 3548 igitur
566 3466 674 3548 legem
689 3488 709 3531 a
724 3467 817 3532 Livio
834 3471 1012 3547 servatam,
1037 3471 1214 3534 secundum
1238 3492 1335 3552 quam

200 3590 267 3634 vox
290 3570 410 3632 occano
433 3571 491 3634 aut
514 3590 587 3633 cum
609 3569 764 3651 genetivo
787 3570 937 3652 gerundii
959 3575 1018 3636 aut
1040 3594 1113 3636 cum
1129 3572 1242 3638 dativo
1259 3575 1336 3638 sub-

200 3670 340 3736 stantivi
363 3670 580 3753 coniungitur,
605 3672 836 3737 observavisse
859 3694 923 3737 non
946 3674 1086 3752 videtur,
1111 3674 1257 3740 simodo
1280 3676 1336 3741 ille

199 3773 291 3838 locus
314 3772 444 3855 integer
466 3773 610 3839 traditus
633 3777 694 3840 est.
728 3775 791 3840 Sed
814 3797 887 3840 cum
911 3775 985 3840 aliis
1008 3776 1089 3840 locis
1113 3777 1153 3855 (e.
1177 3800 1208 3860 g.
1228 3781 1334 3858 littra,

202 3876 263 3939 135
271 3875 300 3956 a]
346 3876 469 3938 occasio
515 3898 588 3941 cum
632 3877 787 3959 genetivo
829 3878 979 3959 gerundii
1028 3877 1236 3945 coniunctum
1281 3884 1335 3962 sit,

200 3998 265 4042 non
300 3981 352 4044 est
386 3980 585 4059 verendum,
620 4001 661 4046 ne
694 3980 896 4046 temeritatis
929 3982 1052 4048 crimen
1086 3985 1276 4063 subeamne,
1307 3985 1337 4049 si

199 4079 261 4146 hoc
285 4102 412 4164 quoque
434 4083 505 4148 loco
529 4105 603 4148 eum
625 4084 849 4150 restituemus,
894 4086 944 4151 Ac
967 4087 995 4151 si
1018 4087 1220 4170 quaerimuS‚
1255 4109 1335 4170 quo-

199 4184 294 4248 modo
324 4184 442 4249 vitium
472 4189 580 4251 ortum
612 4207 685 4251 esse
714 4187 836 4270 possit,
869 4189 1047 4256 verisimile
1077 4191 1170 4255 nobis
1193 4191 1334 4271 videtur,

200 4286 285 4367 quod
318 4287 504 4369 proximum
538 4290 675 4354 verbum
710 4297 800 4373 copto
834 4291 960 4358 exitum
993 4294 1094 4360 habet
1127 4294 1160 4358 in
1183 4316 1210 4373 o,
1233 4293 1335 4358 libra·

199 4387 284 4457 rium
307 4388 409 4460 ctiam
431 4413 491 4479 pro
514 4393 665 4479 loquendi
689 4393 845 4478 loquendo
869 4395 1050 4478 scripsisse.
