3082 5064
793 368 983 429 -8-

425 553 459 638 b)
486 558 680 638 „compos‘
704 558 790 621 4510.

426 656 456 741 c)
483 661 685 738 „consors“
714 662 799 725 7320.

425 762 458 845 d)
486 765 660 846 „plereus“
687 767 782 843 24123
806 768 885 843 2653
909 769 1018 832 33210.

424 864 455 949 e)
477 867 527 931 De
549 867 731 947 adiectivis‚
756 869 873 951 quibus
896 869 1121 935 similitudinis
1143 871 1234 936 notio
1254 872 1351 949 inest,
1374 892 1456 936 non-

321 970 411 1034 nulla
433 969 499 1034 iam
522 969 609 1035 dixit
631 970 805 1050 Sandems
830 971 1121 1055 Sprachgebrauch
1151 974 1182 1036 ll
1205 995 1279 1056 pag.
1304 976 1323 1038 9
1347 977 1381 1039 et
1405 976 1455 1038 10.

321 1074 431 1156 Longe
454 1073 555 1156 igitur
577 1073 726 1157 plurimis
748 1075 829 1140 locis
858 1077 970 1140 similis
998 1097 1071 1140 cum
1094 1076 1206 1141 dativo
1230 1076 1455 1159 coniungitur3

323 1177 378 1260 qui
400 1199 480 1242 usus
503 1178 589 1261 apud
612 1177 769 1244 Senecam
792 1180 873 1244 adeo
896 1180 1111 1263 pervulgatus
1134 1183 1195 1258 est,
1219 1184 1257 1245 ut
1280 1180 1380 1245 etiam
1396 1201 1455 1262 pro

320 1284 404 1361 „met
436 1283 492 1362 toi,
524 1284 574 1345 sui
604 1282 744 1362 similis“,
778 1284 863 1365 quod
890 1283 1034 1367 optimae
1057 1283 1249 1349 Latinitatis
1277 1283 1455 1367 scriptores

321 1383 434 1449 dicunt
468 1383 521 1466 (cf.
553 1384 701 1466 Draeger
732 1406 763 1468 p.
787 1383 884 1468 445),
918 1386 975 1450 ille
1003 1386 1125 1450 habeat
1154 1386 1266 1466 ‚,milee',
1296 1385 1368 1465 tibi,
1397 1384 1456 1448 sibi

321 1487 460 1553 similis“.

423 1591 539 1675 Neque
560 1594 672 1658 tamen
694 1595 867 1674 genetivos
890 1615 1020 1677 semper
1038 1593 1189 1659 evitavit.
1236 1594 1346 1659 Unum
1368 1593 1455 1658 enim

320 1695 427 1761 locum
449 1696 515 1762 iam
538 1697 663 1762 Sander
684 1697 706 1762 l.
730 1719 756 1762 c.
781 1697 944 1780 apposuit,
968 1718 1031 1780 quo
1054 1698 1165 1761 similis
1198 1720 1271 1763 cum
1299 1697 1455 1780 genetivo

321 1799 529 1866 coniunctum
552 1804 620 1866 est:

374 1934 377 1938 ’
426 1924 502 1986 1510
524 1922 628 1986 adhoc
649 1943 712 1987 ooo
735 1943 804 1987 sum
826 1943 863 1986 err
884 1923 952 1988 ullo
972 1930 1067 2007 porte
1082 1923 1316 1988 Atheniensium
1332 1923 1453 1988 seruilis.

321 2063 360 2070 —
384 2025 478 2091 Addo
502 2027 660 2092 alterum:
685 2029 782 2091 50620
803 2026 912 2091 habuit
935 2028 1056 2112 aliquid
1081 2027 1257 2092 Promethei
1279 2028 1387 2092 simile.

423 2129 495 2194 Hoc
517 2131 588 2195 looo
610 2130 712 2195 etiam
740 2130 939 2196 adiectivum
966 2134 1131 2216 „aequal
1138 2134 1189 2196 is“
1221 2152 1455 2197 commemoro:

321 2236 419 2298 29419
443 2235 497 2298 secl
519 2233 575 2298 hoc
598 2236 725 2320 aequale
748 2237 886 2299 omnium
908 2242 963 2317 est,
986 2243 1020 2299 ut
1044 2287 1051 2301 .
1076 2288 1083 2301 .
1122 2232 1125 2240 ’

424 2354 515 2432 Quod
537 2354 737 2420 adiectivum
759 2377 832 2420 cum
853 2354 1041 2438 Draegerus
1056 2357 1077 2421 l.
1095 2377 1124 2421 c.
1141 2355 1271 2421 omnino
1297 2355 1452 2433 omiserit,

320 2459 513 2524 Kuehnerus
529 2458 638 2523 (ἔναυε.
655 2459 685 2523 cl.
703 2460 759 2523 lot.
776 2457 917 2542 Sproclee
933 2458 951 2542 ἓ
968 2460 1044 2525 sse
1066 2482 1167 2526 unum
1183 2460 1253 2526 eius
1269 2460 1455 2543 exemplum

320 2583 362 2627 ex
385 2562 549 2627 Ciceronis
572 2563 658 2646 legg.
682 2565 712 2642 2,
735 2564 756 2626 4
779 2562 903 2628 attulit.

422 2680 451 2765 f)
489 2682 728 2766 „Proprius“
766 2683 852 2766 apud
875 2683 1032 2748 Senecam
1056 2685 1163 2762 deest3
1200 2684 1451 2762 „cornmaais“

320 2790 431 2854 autem
454 2809 583 2871 semper
606 2809 679 2852 cum
702 2787 815 2853 dativo
839 2786 1056 2871 coniungitur.

424 2892 513 2970 Quae
536 2891 701 2957 adiectiva
716 2890 904 2974 Draegerus
921 2893 981 2956 sub
1004 2890 1038 2975 g)
1061 2890 1095 2973 h)
1120 2890 1143 2974 i)
1167 2894 1347 2971 enumerat,
1368 2892 1455 2974 apud

321 2997 477 3064 Senecam
501 3018 574 3061 cum
596 2994 750 3077 genetivo
774 2994 947 3060 coniuncta
970 3016 1035 3059 non
1058 2997 1242 3059 occurrunt.

422 3114 458 3199 k)
486 3114 681 3200 „Diones‘
708 3135 836 3197 semper
859 3135 932 3179 cum
956 3113 1102 3179 ablativo
1127 3113 1343 3196 coniungitur.

423 3220 516 3284 Haec
538 3222 615 3283 sunt
638 3217 812 3296 adiectiva‚
837 3239 921 3300 quae
944 3217 1045 3282 etiam
1069 3218 1155 3301 apud
1176 3217 1364 3283 Ciceronem
1380 3240 1454 3284 eum

319 3328 428 3408 genet.
446 3322 620 3389 coniuncta
635 3321 855 3387 inveniuntur.
888 3323 958 3387 lam
972 3324 1181 3388 transeamus
1197 3322 1238 3386 ad
1254 3323 1455 3388 recensenda

320 3449 369 3507 ea,
394 3449 477 3511 quae
500 3449 520 3492 a
542 3425 761 3510 posteriorum
783 3428 968 3509 temporum
999 3425 1224 3509 scriptoribus,
1249 3422 1456 3509 maximeque

321 3553 404 3614 quae
427 3553 447 3596 a
470 3531 593 3596 Seneca
615 3529 719 3613 primo
743 3529 792 3594 ita
814 3528 962 3594 adhibita
985 3534 1071 3596 sunt.

427 3651 669 3730 „incoatus“:
693 3652 755 3714 445
763 3671 790 3714 ar
814 3652 944 3714 incocto
965 3651 1073 3729 futuri
1094 3651 1338 3714 iramortol'tos!

424 3753 522 3818 Cuius
545 3775 623 3818 usus
646 3753 814 3837 Draegero
837 3753 942 3837 ignoti
965 3755 1121 3819 Kuehner
1137 3755 1164 3821 l.
1180 3755 1201 3819 l.
1218 3752 1236 3836 ἕ
1253 3756 1325 3819 851)
1341 3757 1453 3819 aucto-

321 3880 391 3924 rem
414 3856 494 3922 dicit
516 3856 700 3922 Horatium.
739 3857 855 3940 Itaque
877 3857 1041 3941 pedestris
1058 3856 1216 3922 orationis
1240 3857 1380 3940 scriptor
1398 3855 1453 3938 qui

321 3961 445 4047 primus
468 3982 542 4026 cum
564 3960 728 4027 adiectivo
750 3963 896 4025 incautos
918 3961 1109 4044 genetivum
1136 3959 1305 4026 coniunxit
1323 3958 1455 4025 videtur

321 4066 425 4132 fuisse
448 4065 580 4131 Seneca.

430 4187 607 4270 ,σαραωῆ
654 4186 741 4251 1523
777 4186 937 4269 inpertiam
974 4186 1127 4250 omnium.
1148 4184 1300 4249 bonorum
1337 4186 1456 4249 ortium

324 4292 574 4376 capacissimum.

427 4395 518 4474 Quod
542 4393 741 4462 adiectivum
764 4394 941 4461 secundum
962 4393 1164 4477 Draegerum
1187 4393 1252 4458 iam
1275 4392 1360 4476 apud
1376 4392 1454 4457 Vel-
