3082 5064
666 366 877 427 -27-

316 553 447 616 Verbo
475 554 690 636 privandi
720 553 881 636 (Draeger
911 552 928 634 ξ
957 552 1031 636 241)
1063 555 1149 638 apud
1182 555 1337 619 Senecam

204 679 281 721 rara
304 661 391 722 sunt.
435 657 605 722 Invenitur
635 658 720 722 enim
743 658 829 740 apud
852 678 926 722 eum
949 659 1054 722 solum
1073 659 1250 740 frendore:
1273 661 1337 723 486

204 782 267 824 uon
287 761 451 844 fraudabo
474 764 659 843 municipem
680 768 822 825 nostram
846 761 923 825 bono
946 783 1046 827 suerso.

306 892 354 956 De
399 892 509 956 verbis
549 890 705 973 fecere
741 896 776 958 et
810 893 952 972 sieri!
999 893 1158 976 (Draeger
1196 893 1213 974 §
1251 891 1336 974 243).

205 995 325 1059 Facere
356 999 391 1061 et
412 996 490 1078 ficri
521 1017 594 1060 cum
626 996 773 1061 ablativo
805 997 979 1062 coniuncta
1008 997 1195 1079 significant
1219 1025 1259 1048 =
1282 998 1338 1059 ord

205 1106 299 1162 etwas
322 1099 460 1171 ruodrud,
484 1107 543 1163 'circs
565 1107 660 1163 ebrus
682 1101 815 1163 werden.
847 1101 911 1165 Pro
934 1101 1081 1166 ablativo
1105 1105 1217 1166 autem
1236 1101 1337 1166 inter-

205 1203 281 1266 dum
304 1203 406 1267 etiam
429 1204 576 1268 dativum
600 1203 760 1282 ethicum,
791 1204 846 1285 qui
869 1203 998 1281 dicitur,
1022 1203 1162 1268 inveniri
1189 1204 1338 1268 omnibus

204 1309 318 1370 notum
342 1309 403 1371 est.
450 1307 518 1383 Quo
540 1307 612 1371 loco
636 1328 709 1371 oum
732 1307 921 1388 Draegerus
945 1307 1032 1371 dicat
1055 1307 1237 1371 ablativum
1260 1306 1337 1372 soli-

204 1412 274 1473 tum
298 1430 382 1487 esse,
406 1410 610 1475 rarissimum
634 1410 782 1475 dativum
805 1431 974 1492 personae,
998 1411 1084 1493 apud
1101 1410 1257 1475 Senecam
1273 1410 1339 1474 alia

204 1515 259 1578 lex
282 1514 489 1592 observatur,
514 1515 569 1596 qui
591 1515 723 1596 quidem
742 1514 891 1579 dativum
906 1514 1002 1595 longe
1017 1513 1222 1596 praetulerit.
1247 1513 1338 1589 Quod

203 1620 240 1681 ut
263 1617 448 1699 probemus,
472 1639 547 1682 cum
569 1617 699 1682 initium
721 1618 816 1682 nobis
839 1617 1031 1700 capiendum
1054 1617 1098 1682 sit
1121 1618 1162 1682 ab
1182 1617 1230 1682 eis
1246 1617 1336 1695 locis

205 1721 243 1785 de
268 1742 405 1802 quorum
429 1721 592 1805 scriptura
615 1743 654 1786 ac
676 1721 805 1786 ratione
826 1720 1044 1803 grammatica
1074 1742 1168 1785 nemo
1199 1720 1336 1799 dubitet,

203 1825 344 1907 primum
368 1826 474 1890 locum
498 1846 571 1890 eum
594 1846 791 1908 proponam,
822 1823 877 1888 ubi
905 1824 1037 1888 dativus
1070 1825 1194 1888 nullam
1216 1824 1338 1888 habeat

204 1928 458 1993 dubitationem:
489 1929 565 1992 8720
587 1928 662 2010 quid
689 1929 808 2006 facicm
840 1927 964 1990 unalteri
993 1929 1081 1990 iutro
1113 1929 1248 1990 crioduo
1277 1947 1337 1990 suo

204 2030 413 2093 deliberanti?
1287 2031 1289 2036 ’

303 2159 380 2224 Alia
411 2164 462 2225 est
492 2165 612 2226 natura
635 2162 777 2240 secundi,
808 2163 862 2244 qui
891 2164 954 2227 huc
986 2165 1125 2245 spectat,
1149 2162 1230 2240 loci,
1255 2163 1337 2225 3983

202 2264 306 2345 filiam
328 2271 416 2327 torum
438 2265 611 2345 dimittam
640 2267 694 2329 scd
723 2267 798 2350 quid
816 2266 946 2348 furiem
969 2265 1142 2329 adultero?
1186 2265 1340 2328 Adultcro

203 2368 289 2433 enim
312 2371 346 2433 et
370 2369 504 2434 dativus
527 2373 561 2435 et
584 2371 750 2436 ablativus
773 2370 921 2453 intellegi
944 2373 1064 2454 potest.

306 2498 438 2563 Tertius
461 2502 572 2564 autem
595 2501 685 2565 locus
709 2500 767 2565 vix
790 2501 823 2564 in
846 2502 907 2566 hoc
926 2522 1061 2566 numero
1076 2501 1245 2566 habendus
1269 2505 1336 2566 est:

205 2602 285 2664 1866
311 2602 397 2666 enim
428 2602 461 2666 in
494 2603 659 2669 codicibus
691 2608 760 2670 est:
795 2605 885 2668 uliud
910 2605 1031 2689 quidem
1063 2604 1214 2669 suadebat
1246 2605 1335 2668 dolor

203 2723 297 2783 ovecus,
320 2705 373 2766 scd
395 2705 472 2788 quid
493 2707 617 2783 focium
636 2710 744 2787 putris
766 2707 909 2771 iudicio?
931 2710 1088 2773 misereor.
1124 2708 1213 2785 Quae
1235 2708 1337 2773 verba

202 2827 283 2869 sana
312 2828 375 2870 non
405 2829 497 2886 esse,
530 2830 624 2874 nemo
655 2811 736 2889 erit,
765 2812 842 2893 quin
864 2811 1020 2877 fateatur.
1066 2812 1136 2889 Qua
1165 2812 1205 2877 de
1237 2833 1336 2877 causa

202 2908 266 2972 viri
289 2908 377 2974 docti
399 2911 510 2975 varias
541 2912 747 2978 coniecturas
777 2918 1025 2998 proposuerunt.
1070 2915 1120 2980 Ac
1143 2916 1240 2997 volgo
1264 2915 1334 2996 qui-

203 3012 276 3075 dem
314 3013 534 3096 scripserunt:
569 3016 623 3079 scd
659 3017 735 3100 quid
768 3018 918 3100 fodero?
951 3021 1058 3101 putris
1095 3020 1142 3083 lod
1177 3020 1333 3082 inisercor.

202 3115 265 3180 Sed
318 3116 402 3183 hanc
455 3120 631 3200 genuinam
684 3120 857 3186 lectionem
911 3143 1004 3200 esse,
1057 3123 1206 3204 equidem
1256 3121 1335 3186 mihi

204 3221 403 3301 persuadere
425 3242 490 3286 non
513 3245 655 3306 possum.
701 3225 788 3289 Nam
820 3225 848 3289 si
879 3225 960 3290 haec
991 3227 1092 3290 verba
1114 3226 1148 3290 in
1171 3225 1336 3290 codicibus

202 3322 351 3403 fuissent,
369 3325 528 3405 quomodo
544 3327 660 3392 iudicio
676 3328 857 3411 irrepserit,
881 3350 976 3394 nemo
999 3330 1170 3411 intellegit.
1198 3329 1333 3408 Deinde,

203 3448 285 3508 quae
309 3428 411 3493 verba
434 3434 630 3512 sequuntur:
663 3435 828 3512 arrisereor,
860 3433 976 3517 iuquit3
1008 3434 1053 3496 uis
1083 3453 1187 3496 norrun
1218 3433 1334 3513 dicem,

203 3531 275 3612 quid
291 3531 432 3595 dixerit?
450 3535 556 3615 putris
580 3537 627 3597 tui
636 3583 645 3615 ,
668 3557 803 3619 prorsus
819 3557 1065 3619 supervacanea
1081 3539 1166 3614 sunt,
1191 3537 1219 3601 si
1235 3541 1333 3602 antea

201 3633 266 3698 iam
290 3634 413 3699 dictum
436 3639 503 3701 est:
527 3639 673 3702 misereor
694 3641 798 3722 potuis
822 3641 876 3703 tori.

301 3761 410 3828 Aliter
441 3766 542 3848 igitur
572 3767 680 3832 locum
711 3789 829 3832 sanare
862 3773 998 3834 conatus
1030 3774 1081 3835 est
1103 3770 1332 3853 Kiosslingius

199 3867 254 3947 qui
285 3868 320 3932 in
354 3873 515 3950 apparatu
547 3870 661 3935 critico
693 3870 777 3936 hanc
810 3872 1030 3937 coniecturam
1061 3874 1247 3956 proposuit:
1281 3875 1333 3938 sed

198 3970 436 4052 quidfociom?
458 3976 563 4056 patris
579 3976 626 4037 toi
641 3975 782 4059 beucpicio
798 3977 954 4039 oniscvcor.
987 3977 1088 4053 Quam
1113 3979 1332 4042 oonim'tnram

199 4072 258 4137 vix
281 4074 431 4157 cuiquam
453 4078 616 4160 probabit.
647 4079 734 4144 Nam
756 4080 895 4163 prinmm
921 4082 1059 4164 quidem,
1085 4083 1167 4162 qnod
1191 4083 1331 4145 secundo

200 4177 271 4240 loco
295 4183 410 4244 contra
434 4180 608 4246 lectionem
633 4184 800 4265 volgatam
826 4185 911 4264 dini,
937 4187 967 4250 in
992 4186 1182 4266 ,llirsslingii
1207 4210 1332 4267 ‹puupro

200 4281 421 4348 coniecturam
453 4285 575 4368 optime
608 4288 770 4352 convenit.
838 4289 962 4353 lloirulo
996 4313 1111 4353 vereor
1144 4295 1179 4354 ut
1209 4294 1332 4354 divinia

199 4387 305 4466 putris
335 4389 381 4450 toz·
411 4387 551 4471 bencfido
583 4390 704 4455 dixerit
733 4414 792 4474 pro
820 4396 922 4474 putris
946 4397 992 4456 tui
1016 4416 1121 4457 vuum.
1168 4396 1330 4476 Optimam
