<?xml version="1.0" encoding="UTF-8"?>
<!DOCTYPE html PUBLIC "-//W3C//DTD XHTML 1.0 Transitional//EN"
    "http://www.w3.org/TR/xhtml1/DTD/xhtml1-transitional.dtd">
<html xmlns="http://www.w3.org/1999/xhtml" xml:lang="en" lang="en">
 <head>
  <title>
</title>
<meta http-equiv="Content-Type" content="text/html;charset=utf-8" />
  <meta name='ocr-system' content='tesseract 3.04.00' />
  <meta name='ocr-capabilities' content='ocr_page ocr_carea ocr_par ocr_line ocrx_word'/>
</head>
<body>
  <div class='ocr_page' id='page_1' title='image "./desenecaerhetor01ahlhgoog_0019.png"; bbox 0 0 3082 5064; ppageno 0'>
   <div class='ocr_carea' id='block_1_1' title="bbox 702 371 912 432">
    <p class='ocr_par' dir='ltr' id='par_1_1' title="bbox 702 371 912 432">
     <span class='ocr_line' id='line_1_1' title="bbox 702 371 912 432; baseline 0.01 -16"><span class='ocrx_word' id='word_1_1' title='bbox 702 371 912 432; x_wconf 56' lang='lat'>„12-</span> 
     </span>
    </p>
   </div>
   <div class='ocr_carea' id='block_1_2' title="bbox 233 559 1395 3118">
    <p class='ocr_par' dir='ltr' id='par_1_2' title="bbox 240 559 1371 729">
     <span class='ocr_line' id='line_1_2' title="bbox 344 559 1371 629; baseline 0.005 -6"><span class='ocrx_word' id='word_1_2' title='bbox 344 560 500 625; x_wconf 85' lang='lat' dir='ltr'>Fortasse</span> <span class='ocrx_word' id='word_1_3' title='bbox 527 559 712 625; x_wconf 82' lang='lat' dir='ltr'>etiam133</span> <span class='ocrx_word' id='word_1_4' title='bbox 744 560 895 625; x_wconf 83' lang='lat' dir='ltr'>imbecilla</span> <span class='ocrx_word' id='word_1_5' title='bbox 926 564 1061 625; x_wconf 80' lang='lat' dir='ltr'>materie</span> <span class='ocrx_word' id='word_1_6' title='bbox 1091 563 1167 624; x_wconf 82' lang='lat' dir='ltr'>deus</span> <span class='ocrx_word' id='word_1_7' title='bbox 1195 584 1250 626; x_wconf 83' lang='lat' dir='ltr'>eos</span> <span class='ocrx_word' id='word_1_8' title='bbox 1280 585 1371 629; x_wconf 80' lang='lat' dir='ltr'>orsas</span> 
     </span>
     <span class='ocr_line' id='line_1_3' title="bbox 240 663 686 729; baseline 0.004 -2"><span class='ocrx_word' id='word_1_9' title='bbox 240 672 284 728; x_wconf 82' lang='lat' dir='ltr'>cst</span> <span class='ocrx_word' id='word_1_10' title='bbox 306 706 346 713; x_wconf 89' lang='lat'><strong>—</strong></span> <span class='ocrx_word' id='word_1_11' title='bbox 370 664 432 729; x_wconf 93' lang='lat' dir='ltr'>huc</span> <span class='ocrx_word' id='word_1_12' title='bbox 454 663 577 728; x_wconf 88' lang='lat' dir='ltr'>referre</span> <span class='ocrx_word' id='word_1_13' title='bbox 599 663 686 729; x_wconf 89' lang='lat' dir='ltr'>licet.</span> 
     </span>
    </p>

    <p class='ocr_par' dir='ltr' id='par_1_3' title="bbox 238 766 1370 1271">
     <span class='ocr_line' id='line_1_4' title="bbox 341 766 1370 855; baseline 0.006 -23"><span class='ocrx_word' id='word_1_14' title='bbox 341 769 397 832; x_wconf 90' lang='lat' dir='ltr'>De</span> <span class='ocrx_word' id='word_1_15' title='bbox 420 766 606 833; x_wconf 80' lang='lat' dir='ltr'>ablativo</span> <span class='ocrx_word' id='word_1_16' title='bbox 629 770 695 853; x_wconf 76' lang='lat' dir='ltr'>qui</span> <span class='ocrx_word' id='word_1_17' title='bbox 717 769 1185 854; x_wconf 80' lang='lat' dir='ltr'>dicitaraepcrete&#39;oee&#39;s.</span> <span class='ocrx_word' id='word_1_18' title='bbox 1210 771 1370 855; x_wconf 84' lang='lat' dir='ltr'>(Draeger</span> 
     </span>
     <span class='ocr_line' id='line_1_5' title="bbox 240 870 1370 959; baseline 0.004 -23"><span class='ocrx_word' id='word_1_19' title='bbox 240 870 354 953; x_wconf 65' lang='lat'><strong>5219).</strong></span> <span class='ocrx_word' id='word_1_20' title='bbox 374 872 453 937; x_wconf 81' lang='lat' dir='ltr'>Cum</span> <span class='ocrx_word' id='word_1_21' title='bbox 463 873 549 956; x_wconf 93' lang='lat' dir='ltr'>apud</span> <span class='ocrx_word' id='word_1_22' title='bbox 559 873 756 956; x_wconf 91' lang='lat' dir='ltr'>optimorum</span> <span class='ocrx_word' id='word_1_23' title='bbox 771 877 841 939; x_wconf 92' lang='lat' dir='ltr'>tum</span> <span class='ocrx_word' id='word_1_24' title='bbox 854 875 940 958; x_wconf 92' lang='lat' dir='ltr'>apud</span> <span class='ocrx_word' id='word_1_25' title='bbox 952 875 1170 957; x_wconf 78' lang='lat' dir='ltr'>posteriorum</span> <span class='ocrx_word' id='word_1_26' title='bbox 1186 878 1370 959; x_wconf 89' lang='lat' dir='ltr'>temporum</span> 
     </span>
     <span class='ocr_line' id='line_1_6' title="bbox 240 977 1370 1061; baseline 0.003 -19"><span class='ocrx_word' id='word_1_27' title='bbox 240 977 418 1060; x_wconf 90' lang='lat' dir='ltr'>scriptores</span> <span class='ocrx_word' id='word_1_28' title='bbox 427 999 492 1042; x_wconf 91' lang='lat' dir='ltr'>non</span> <span class='ocrx_word' id='word_1_29' title='bbox 501 977 597 1060; x_wconf 91' lang='lat' dir='ltr'>pauci</span> <span class='ocrx_word' id='word_1_30' title='bbox 609 978 748 1043; x_wconf 90' lang='lat' dir='ltr'>ablativi</span> <span class='ocrx_word' id='word_1_31' title='bbox 758 979 977 1061; x_wconf 90' lang='lat' dir='ltr'>separationis</span> <span class='ocrx_word' id='word_1_32' title='bbox 986 978 1198 1045; x_wconf 90' lang='lat' dir='ltr'>inveniuntur</span> <span class='ocrx_word' id='word_1_33' title='bbox 1207 1002 1249 1045; x_wconf 86' lang='lat' dir='ltr'>ex</span> <span class='ocrx_word' id='word_1_34' title='bbox 1260 980 1370 1046; x_wconf 89' lang='lat' dir='ltr'>verbis</span> 
     </span>
     <span class='ocr_line' id='line_1_7' title="bbox 238 1080 1368 1168; baseline 0.002 -23"><span class='ocrx_word' id='word_1_35' title='bbox 238 1081 418 1163; x_wconf 77' lang='lat' dir='ltr'>pendentes</span> <span class='ocrx_word' id='word_1_36' title='bbox 440 1080 648 1164; x_wconf 88' lang='lat' dir='ltr'>maximeque</span> <span class='ocrx_word' id='word_1_37' title='bbox 671 1104 714 1147; x_wconf 87' lang='lat' dir='ltr'>ex</span> <span class='ocrx_word' id='word_1_38' title='bbox 737 1083 785 1147; x_wconf 89' lang='lat' dir='ltr'>eis</span> <span class='ocrx_word' id='word_1_39' title='bbox 808 1105 892 1166; x_wconf 90' lang='lat' dir='ltr'>quae</span> <span class='ocrx_word' id='word_1_40' title='bbox 915 1105 987 1149; x_wconf 92' lang='lat' dir='ltr'>cum</span> <span class='ocrx_word' id='word_1_41' title='bbox 1003 1084 1299 1168; x_wconf 90' lang='lat' dir='ltr'>praepositionibus</span> <span class='ocrx_word' id='word_1_42' title='bbox 1319 1085 1368 1165; x_wconf 83' lang='lat' dir='ltr'>ob,</span> 
     </span>
     <span class='ocr_line' id='line_1_8' title="bbox 240 1184 1368 1271; baseline 0.008 -25"><span class='ocrx_word' id='word_1_43' title='bbox 240 1184 285 1263; x_wconf 82' lang='lat' dir='ltr'>de,</span> <span class='ocrx_word' id='word_1_44' title='bbox 298 1205 335 1247; x_wconf 78' lang='lat' dir='ltr'>ea</span> <span class='ocrx_word' id='word_1_45' title='bbox 347 1186 529 1269; x_wconf 90' lang='lat' dir='ltr'>composita</span> <span class='ocrx_word' id='word_1_46' title='bbox 541 1189 627 1252; x_wconf 87' lang='lat' dir='ltr'>sunt.</span> <span class='ocrx_word' id='word_1_47' title='bbox 652 1186 794 1264; x_wconf 82' lang='lat' dir='ltr'>Quorum</span> <span class='ocrx_word' id='word_1_48' title='bbox 810 1188 897 1271; x_wconf 86' lang='lat' dir='ltr'>apud</span> <span class='ocrx_word' id='word_1_49' title='bbox 908 1187 1064 1253; x_wconf 80' lang='lat' dir='ltr'>Senecam</span> <span class='ocrx_word' id='word_1_50' title='bbox 1080 1191 1255 1254; x_wconf 90' lang='lat' dir='ltr'>occurrunt</span> <span class='ocrx_word' id='word_1_51' title='bbox 1270 1188 1368 1255; x_wconf 90' lang='lat' dir='ltr'>haec:</span> 
     </span>
    </p>

    <p class='ocr_par' dir='ltr' id='par_1_4' title="bbox 340 1288 703 1374">
     <span class='ocr_line' id='line_1_9' title="bbox 340 1288 703 1374; baseline 0.006 -21"><span class='ocrx_word' id='word_1_52' title='bbox 340 1290 365 1355; x_wconf 89' lang='grc' dir='ltr'>Ι.</span> <span class='ocrx_word' id='word_1_53' title='bbox 400 1290 510 1355; x_wconf 88' lang='lat' dir='ltr'>Verba</span> <span class='ocrx_word' id='word_1_54' title='bbox 532 1288 703 1374; x_wconf 89' lang='lat' dir='ltr'>simplicia.</span> 
     </span>
    </p>

    <p class='ocr_par' dir='ltr' id='par_1_5' title="bbox 237 1391 1368 1581">
     <span class='ocr_line' id='line_1_10' title="bbox 344 1391 1368 1471; baseline 0.005 -15"><span class='ocrx_word' id='word_1_55' title='bbox 344 1391 525 1471; x_wconf 71' lang='lat' dir='ltr'>„seuere</span> <span class='ocrx_word' id='word_1_56' title='bbox 562 1397 615 1458; x_wconf 89' lang='lat' dir='ltr'>ter</span> <span class='ocrx_word' id='word_1_57' title='bbox 648 1415 721 1458; x_wconf 92' lang='lat' dir='ltr'>cum</span> <span class='ocrx_word' id='word_1_58' title='bbox 754 1394 840 1459; x_wconf 92' lang='lat' dir='ltr'>nudo</span> <span class='ocrx_word' id='word_1_59' title='bbox 873 1394 1020 1460; x_wconf 88' lang='lat' dir='ltr'>ablativo</span> <span class='ocrx_word' id='word_1_60' title='bbox 1058 1395 1264 1460; x_wconf 91' lang='lat' dir='ltr'>coniunctum</span> <span class='ocrx_word' id='word_1_61' title='bbox 1298 1400 1368 1461; x_wconf 90' lang='lat' dir='ltr'>est:</span> 
     </span>
     <span class='ocr_line' id='line_1_11' title="bbox 237 1497 1097 1581; baseline 0.002 -20"><span class='ocrx_word' id='word_1_62' title='bbox 237 1500 299 1561; x_wconf 74' lang='lat'>424</span> <span class='ocrx_word' id='word_1_63' title='bbox 322 1497 396 1562; x_wconf 84' lang='lat' dir='ltr'>urbe</span> <span class='ocrx_word' id='word_1_64' title='bbox 420 1505 561 1577; x_wconf 79' lang='lat' dir='ltr'>cesserat,</span> <span class='ocrx_word' id='word_1_65' title='bbox 586 1499 663 1562; x_wconf 82' lang='grc'><strong>8210</strong></span> <span class='ocrx_word' id='word_1_66' title='bbox 685 1497 757 1561; x_wconf 83' lang='lat' dir='ltr'>baie</span> <span class='ocrx_word' id='word_1_67' title='bbox 777 1507 909 1581; x_wconf 81' lang='lat' dir='ltr'>praetor</span> <span class='ocrx_word' id='word_1_68' title='bbox 930 1501 982 1562; x_wconf 83' lang='grc'>010</span> <span class='ocrx_word' id='word_1_69' title='bbox 1006 1499 1097 1564; x_wconf 81' lang='lat' dir='ltr'>cedet.</span> 
     </span>
    </p>

    <p class='ocr_par' dir='ltr' id='par_1_6' title="bbox 235 1600 1369 2202">
     <span class='ocr_line' id='line_1_12' title="bbox 338 1600 1368 1686; baseline 0.001 -21"><span class='ocrx_word' id='word_1_70' title='bbox 338 1600 415 1666; x_wconf 86' lang='lat' dir='ltr'>Alia</span> <span class='ocrx_word' id='word_1_71' title='bbox 438 1603 549 1666; x_wconf 90' lang='lat' dir='ltr'>autem</span> <span class='ocrx_word' id='word_1_72' title='bbox 572 1604 623 1666; x_wconf 92' lang='lat' dir='ltr'>est</span> <span class='ocrx_word' id='word_1_73' title='bbox 645 1603 765 1666; x_wconf 89' lang='lat' dir='ltr'>natura</span> <span class='ocrx_word' id='word_1_74' title='bbox 786 1601 879 1666; x_wconf 90' lang='lat' dir='ltr'>tertii</span> <span class='ocrx_word' id='word_1_75' title='bbox 907 1601 988 1667; x_wconf 91' lang='lat' dir='ltr'>loci:</span> <span class='ocrx_word' id='word_1_76' title='bbox 1022 1604 1117 1667; x_wconf 85' lang='grc'><strong>10721</strong></span> <span class='ocrx_word' id='word_1_77' title='bbox 1146 1623 1241 1686; x_wconf 78' lang='lat' dir='ltr'>quom</span> <span class='ocrx_word' id='word_1_78' title='bbox 1270 1623 1368 1686; x_wconf 79' lang='lat' dir='ltr'>poene</span> 
     </span>
     <span class='ocr_line' id='line_1_13' title="bbox 235 1705 1367 1788; baseline 0.004 -20"><span class='ocrx_word' id='word_1_79' title='bbox 235 1706 284 1768; x_wconf 81' lang='lat' dir='ltr'>illi</span> <span class='ocrx_word' id='word_1_80' title='bbox 307 1709 427 1788; x_wconf 78' lang='lat' dir='ltr'>optione</span> <span class='ocrx_word' id='word_1_81' title='bbox 450 1707 605 1769; x_wconf 82' lang='lat' dir='ltr'>cessimus.</span> <span class='ocrx_word' id='word_1_82' title='bbox 651 1706 714 1771; x_wconf 94' lang='lat' dir='ltr'>Hic</span> <span class='ocrx_word' id='word_1_83' title='bbox 737 1705 823 1770; x_wconf 90' lang='lat' dir='ltr'>enim</span> <span class='ocrx_word' id='word_1_84' title='bbox 846 1705 1012 1771; x_wconf 80' lang='lat' dir='ltr'>ablativus</span> <span class='ocrx_word' id='word_1_85' title='bbox 1035 1706 1242 1772; x_wconf 86' lang='lat' dir='ltr'>limitationis</span> <span class='ocrx_word' id='word_1_86' title='bbox 1269 1707 1318 1772; x_wconf 92' lang='lat' dir='ltr'>int</span> <span class='ocrx_word' id='word_1_87' title='bbox 1339 1709 1367 1772; x_wconf 94' lang='lat' dir='ltr'>l-</span> 
     </span>
     <span class='ocr_line' id='line_1_14' title="bbox 236 1808 1366 1891; baseline 0.002 -18"><span class='ocrx_word' id='word_1_88' title='bbox 236 1808 392 1891; x_wconf 85' lang='lat' dir='ltr'>legendus</span> <span class='ocrx_word' id='word_1_89' title='bbox 415 1831 488 1875; x_wconf 89' lang='lat' dir='ltr'>esse</span> <span class='ocrx_word' id='word_1_90' title='bbox 510 1809 650 1875; x_wconf 89' lang='lat' dir='ltr'>videtur.</span> <span class='ocrx_word' id='word_1_91' title='bbox 696 1810 759 1875; x_wconf 85' lang='lat' dir='ltr'>Sed</span> <span class='ocrx_word' id='word_1_92' title='bbox 780 1809 924 1875; x_wconf 88' lang='lat' dir='ltr'>fortasse</span> <span class='ocrx_word' id='word_1_93' title='bbox 947 1810 1048 1875; x_wconf 92' lang='lat' dir='ltr'>etiam</span> <span class='ocrx_word' id='word_1_94' title='bbox 1070 1811 1155 1875; x_wconf 91' lang='lat' dir='ltr'>hunc</span> <span class='ocrx_word' id='word_1_95' title='bbox 1184 1810 1366 1875; x_wconf 87' lang='lat' dir='ltr'>ablativum</span> 
     </span>
     <span class='ocr_line' id='line_1_15' title="bbox 236 1912 1367 1996; baseline 0.004 -21"><span class='ocrx_word' id='word_1_96' title='bbox 236 1912 454 1995; x_wconf 86' lang='lat' dir='ltr'>separationis</span> <span class='ocrx_word' id='word_1_97' title='bbox 477 1913 585 1978; x_wconf 92' lang='lat' dir='ltr'>dicere</span> <span class='ocrx_word' id='word_1_98' title='bbox 607 1933 789 1995; x_wconf 90' lang='lat' dir='ltr'>possumus.</span> <span class='ocrx_word' id='word_1_99' title='bbox 837 1913 934 1996; x_wconf 90' lang='lat' dir='ltr'>Optio</span> <span class='ocrx_word' id='word_1_100' title='bbox 957 1913 1043 1978; x_wconf 89' lang='lat' dir='ltr'>enim</span> <span class='ocrx_word' id='word_1_101' title='bbox 1066 1913 1160 1996; x_wconf 90' lang='lat' dir='ltr'>quasi</span> <span class='ocrx_word' id='word_1_102' title='bbox 1182 1914 1272 1979; x_wconf 93' lang='lat' dir='ltr'>locus</span> <span class='ocrx_word' id='word_1_103' title='bbox 1296 1914 1367 1980; x_wconf 90' lang='lat' dir='ltr'>sive</span> 
     </span>
     <span class='ocr_line' id='line_1_16' title="bbox 235 2015 1369 2102; baseline 0.004 -23"><span class='ocrx_word' id='word_1_104' title='bbox 235 2015 290 2080; x_wconf 91' lang='lat' dir='ltr'>via</span> <span class='ocrx_word' id='word_1_105' title='bbox 324 2019 376 2081; x_wconf 90' lang='lat' dir='ltr'>est</span> <span class='ocrx_word' id='word_1_106' title='bbox 409 2037 473 2098; x_wconf 92' lang='lat' dir='ltr'>qua</span> <span class='ocrx_word' id='word_1_107' title='bbox 506 2016 590 2082; x_wconf 90' lang='lat' dir='ltr'>alius</span> <span class='ocrx_word' id='word_1_108' title='bbox 624 2016 681 2081; x_wconf 90' lang='lat' dir='ltr'>alii</span> <span class='ocrx_word' id='word_1_109' title='bbox 711 2017 807 2082; x_wconf 92' lang='lat' dir='ltr'>cedit.</span> <span class='ocrx_word' id='word_1_110' title='bbox 851 2017 899 2083; x_wconf 86' lang='lat' dir='ltr'>At</span> <span class='ocrx_word' id='word_1_111' title='bbox 931 2017 1043 2083; x_wconf 93' lang='lat' dir='ltr'>dubito</span> <span class='ocrx_word' id='word_1_112' title='bbox 1078 2039 1120 2082; x_wconf 90' lang='lat' dir='ltr'>an</span> <span class='ocrx_word' id='word_1_113' title='bbox 1153 2039 1213 2102; x_wconf 90' lang='lat' dir='ltr'>pro</span> <span class='ocrx_word' id='word_1_114' title='bbox 1247 2021 1369 2100; x_wconf 77' lang='lat' dir='ltr'>optione</span> 
     </span>
     <span class='ocr_line' id='line_1_17' title="bbox 236 2119 693 2202; baseline 0.002 -19"><span class='ocrx_word' id='word_1_115' title='bbox 236 2119 442 2184; x_wconf 90' lang='lat' dir='ltr'>scribendum</span> <span class='ocrx_word' id='word_1_116' title='bbox 465 2119 509 2184; x_wconf 92' lang='lat' dir='ltr'>sit</span> <span class='ocrx_word' id='word_1_117' title='bbox 531 2121 693 2202; x_wconf 81' lang='lat' dir='ltr'>optionem.</span> 
     </span>
    </p>

    <p class='ocr_par' dir='ltr' id='par_1_7' title="bbox 233 2222 1364 2412">
     <span class='ocr_line' id='line_1_18' title="bbox 337 2222 1364 2306; baseline 0.003 -18"><span class='ocrx_word' id='word_1_118' title='bbox 337 2222 449 2288; x_wconf 84' lang='lat' dir='ltr'>Cicero</span> <span class='ocrx_word' id='word_1_119' title='bbox 471 2223 592 2306; x_wconf 89' lang='lat' dir='ltr'>aliique</span> <span class='ocrx_word' id='word_1_120' title='bbox 614 2245 657 2288; x_wconf 84' lang='lat' dir='ltr'>ex</span> <span class='ocrx_word' id='word_1_121' title='bbox 680 2225 781 2288; x_wconf 88' lang='lat' dir='ltr'>verbo</span> <span class='ocrx_word' id='word_1_122' title='bbox 804 2224 909 2287; x_wconf 82' lang='lat' dir='ltr'>cedere</span> <span class='ocrx_word' id='word_1_123' title='bbox 930 2227 965 2289; x_wconf 93' lang='lat' dir='ltr'>et</span> <span class='ocrx_word' id='word_1_124' title='bbox 987 2225 1109 2289; x_wconf 92' lang='lat' dir='ltr'>nudum</span> <span class='ocrx_word' id='word_1_125' title='bbox 1127 2225 1309 2291; x_wconf 87' lang='lat' dir='ltr'>ablativum</span> <span class='ocrx_word' id='word_1_126' title='bbox 1332 2230 1364 2291; x_wconf 90' lang='lat' dir='ltr'>et</span> 
     </span>
     <span class='ocr_line' id='line_1_19' title="bbox 233 2327 1056 2412; baseline 0.002 -21"><span class='ocrx_word' id='word_1_127' title='bbox 233 2327 494 2411; x_wconf 86' lang='lat' dir='ltr'>praepositiones</span> <span class='ocrx_word' id='word_1_128' title='bbox 517 2328 566 2408; x_wconf 77' lang='lat' dir='ltr'>cb,</span> <span class='ocrx_word' id='word_1_129' title='bbox 589 2328 637 2407; x_wconf 84' lang='lat' dir='ltr'>de,</span> <span class='ocrx_word' id='word_1_130' title='bbox 660 2349 696 2392; x_wconf 83' lang='lat' dir='ltr'>ac</span> <span class='ocrx_word' id='word_1_131' title='bbox 718 2328 898 2412; x_wconf 88' lang='lat' dir='ltr'>pendentes</span> <span class='ocrx_word' id='word_1_132' title='bbox 919 2327 1056 2394; x_wconf 88' lang='lat' dir='ltr'>faciunt.</span> 
     </span>
    </p>

    <p class='ocr_par' dir='ltr' id='par_1_8' title="bbox 236 2431 1366 2619">
     <span class='ocr_line' id='line_1_20' title="bbox 342 2431 1366 2517; baseline 0.005 -24"><span class='ocrx_word' id='word_1_133' title='bbox 342 2431 565 2509; x_wconf 80' lang='lat' dir='ltr'>„Solvere“:</span> <span class='ocrx_word' id='word_1_134' title='bbox 614 2434 674 2497; x_wconf 91' lang='grc'>176</span> <span class='ocrx_word' id='word_1_135' title='bbox 684 2453 713 2495; x_wconf 79' lang='lat' dir='ltr'>ar</span> <span class='ocrx_word' id='word_1_136' title='bbox 751 2433 868 2496; x_wconf 81' lang='lat' dir='ltr'>solutos</span> <span class='ocrx_word' id='word_1_137' title='bbox 905 2434 990 2514; x_wconf 80' lang='lat' dir='ltr'>ipsos</span> <span class='ocrx_word' id='word_1_138' title='bbox 1026 2434 1148 2497; x_wconf 79' lang='lat' dir='ltr'>uinculo</span> <span class='ocrx_word' id='word_1_139' title='bbox 1192 2435 1366 2517; x_wconf 63' lang='lat' dir='ltr'>redeptores,</span> 
     </span>
     <span class='ocr_line' id='line_1_21' title="bbox 236 2535 1365 2619; baseline 0.001 -20"><span class='ocrx_word' id='word_1_140' title='bbox 236 2537 296 2600; x_wconf 84' lang='grc'>351</span> <span class='ocrx_word' id='word_1_141' title='bbox 306 2556 335 2598; x_wconf 83' lang='lat' dir='ltr'>ao</span> <span class='ocrx_word' id='word_1_142' title='bbox 356 2535 457 2613; x_wconf 81' lang='lat' dir='ltr'>fartis</span> <span class='ocrx_word' id='word_1_143' title='bbox 480 2555 622 2619; x_wconf 77' lang='lat' dir='ltr'>neceque</span> <span class='ocrx_word' id='word_1_144' title='bbox 644 2536 788 2616; x_wconf 81' lang='lat' dir='ltr'>solutam,</span> <span class='ocrx_word' id='word_1_145' title='bbox 812 2537 907 2600; x_wconf 80' lang='lat'>35121</span> <span class='ocrx_word' id='word_1_146' title='bbox 925 2535 1041 2618; x_wconf 70' lang='lat' dir='ltr'>fartis,</span> <span class='ocrx_word' id='word_1_147' title='bbox 1065 2557 1149 2599; x_wconf 76' lang='lat' dir='ltr'>eoae</span> <span class='ocrx_word' id='word_1_148' title='bbox 1171 2537 1365 2600; x_wconf 80' lang='grc'><strong>0010100001.</strong></span> 
     </span>
    </p>

    <p class='ocr_par' dir='ltr' id='par_1_9' title="bbox 234 2637 1365 2824">
     <span class='ocr_line' id='line_1_22' title="bbox 337 2637 1365 2724; baseline 0.004 -22"><span class='ocrx_word' id='word_1_149' title='bbox 337 2638 416 2703; x_wconf 78' lang='lat' dir='ltr'>Cum</span> <span class='ocrx_word' id='word_1_150' title='bbox 445 2639 506 2704; x_wconf 92' lang='lat' dir='ltr'>hoc</span> <span class='ocrx_word' id='word_1_151' title='bbox 535 2660 662 2723; x_wconf 90' lang='lat' dir='ltr'>quoque</span> <span class='ocrx_word' id='word_1_152' title='bbox 691 2640 792 2704; x_wconf 92' lang='lat' dir='ltr'>verbo</span> <span class='ocrx_word' id='word_1_153' title='bbox 822 2659 951 2722; x_wconf 89' lang='lat' dir='ltr'>semper</span> <span class='ocrx_word' id='word_1_154' title='bbox 978 2637 1047 2704; x_wconf 86' lang='lat' dir='ltr'>fere</span> <span class='ocrx_word' id='word_1_155' title='bbox 1074 2640 1240 2705; x_wconf 90' lang='lat' dir='ltr'>ablativus</span> <span class='ocrx_word' id='word_1_156' title='bbox 1269 2662 1365 2724; x_wconf 89' lang='lat' dir='ltr'>prac-</span> 
     </span>
     <span class='ocr_line' id='line_1_23' title="bbox 234 2741 993 2824; baseline -0.001 -18"><span class='ocrx_word' id='word_1_157' title='bbox 234 2741 403 2824; x_wconf 90' lang='lat' dir='ltr'>positione·</span> <span class='ocrx_word' id='word_1_158' title='bbox 419 2762 484 2807; x_wconf 93' lang='lat' dir='ltr'>non</span> <span class='ocrx_word' id='word_1_159' title='bbox 506 2741 620 2808; x_wconf 88' lang='lat' dir='ltr'>addita</span> <span class='ocrx_word' id='word_1_160' title='bbox 642 2742 909 2824; x_wconf 83' lang='lat' dir='ltr'>coniungebatur.</span> <span class='ocrx_word' id='word_1_161' title='bbox 990 2746 993 2754; x_wconf 88' lang='lat'>&#39;</span> 
     </span>
    </p>

    <p class='ocr_par' dir='ltr' id='par_1_10' title="bbox 234 2844 1395 3118">
     <span class='ocr_line' id='line_1_24' title="bbox 341 2844 1366 2923; baseline 0.002 -14"><span class='ocrx_word' id='word_1_162' title='bbox 341 2844 594 2923; x_wconf 78' lang='lat' dir='ltr'>„Libercre“:</span> <span class='ocrx_word' id='word_1_163' title='bbox 628 2848 724 2911; x_wconf 76' lang='grc'><strong>17625</strong></span> <span class='ocrx_word' id='word_1_164' title='bbox 747 2846 828 2910; x_wconf 79' lang='lat' dir='ltr'>dixit</span> <span class='ocrx_word' id='word_1_165' title='bbox 849 2846 1057 2910; x_wconf 79' lang='lat' dir='ltr'>iureiurando</span> <span class='ocrx_word' id='word_1_166' title='bbox 1085 2848 1174 2910; x_wconf 81' lang='lat' dir='ltr'>illam</span> <span class='ocrx_word' id='word_1_167' title='bbox 1202 2847 1366 2911; x_wconf 79' lang='lat' dir='ltr'>liberatem</span> 
     </span>
     <span class='ocr_line' id='line_1_25' title="bbox 234 2947 1361 3030; baseline 0.004 -19"><span class='ocrx_word' id='word_1_168' title='bbox 234 2949 287 3013; x_wconf 79' lang='lat' dir='ltr'>illo</span> <span class='ocrx_word' id='word_1_169' title='bbox 311 2970 396 3030; x_wconf 83' lang='lat' dir='ltr'>casu,</span> <span class='ocrx_word' id='word_1_170' title='bbox 420 2951 665 3015; x_wconf 76' lang='grc'><strong>3632001100111</strong></span> <span class='ocrx_word' id='word_1_171' title='bbox 686 2949 827 3013; x_wconf 75' lang='lat' dir='ltr'>bocboc</span> <span class='ocrx_word' id='word_1_172' title='bbox 849 2950 939 3012; x_wconf 79' lang='lat' dir='ltr'>illam</span> <span class='ocrx_word' id='word_1_173' title='bbox 968 2947 1114 3012; x_wconf 80' lang='lat' dir='ltr'>liberaret</span> <span class='ocrx_word' id='word_1_174' title='bbox 1143 2957 1235 3030; x_wconf 84' lang='lat' dir='ltr'>meta,</span> <span class='ocrx_word' id='word_1_175' title='bbox 1267 2952 1361 3015; x_wconf 88' lang='grc'><strong>39721</strong></span> 
     </span>
     <span class='ocr_line' id='line_1_26' title="bbox 234 3050 1395 3118; baseline 0 -2"><span class='ocrx_word' id='word_1_176' title='bbox 234 3052 364 3117; x_wconf 78' lang='lat' dir='ltr'>liberavi</span> <span class='ocrx_word' id='word_1_177' title='bbox 385 3060 413 3117; x_wconf 82' lang='lat' dir='ltr'>te</span> <span class='ocrx_word' id='word_1_178' title='bbox 435 3074 554 3118; x_wconf 78' lang='grc'><strong>02111010</strong></span> <span class='ocrx_word' id='word_1_179' title='bbox 577 3053 733 3117; x_wconf 82' lang='lat' dir='ltr'>dedecore.</span> <span class='ocrx_word' id='word_1_180' title='bbox 1391 3050 1395 3058; x_wconf 83' lang='lat'>&#39;</span> 
     </span>
    </p>
   </div>
   <div class='ocr_carea' id='block_1_3' title="bbox 233 3153 1365 3635">
    <p class='ocr_par' dir='ltr' id='par_1_11' title="bbox 233 3153 1365 3343">
     <span class='ocr_line' id='line_1_27' title="bbox 337 3153 1365 3239; baseline -0.003 -16"><span class='ocrx_word' id='word_1_181' title='bbox 337 3158 405 3236; x_wconf 83' lang='lat' dir='ltr'>Quo</span> <span class='ocrx_word' id='word_1_182' title='bbox 428 3178 501 3223; x_wconf 92' lang='lat' dir='ltr'>cum</span> <span class='ocrx_word' id='word_1_183' title='bbox 524 3158 624 3222; x_wconf 90' lang='lat' dir='ltr'>verbo</span> <span class='ocrx_word' id='word_1_184' title='bbox 647 3156 790 3222; x_wconf 92' lang='lat' dir='ltr'>omnium</span> <span class='ocrx_word' id='word_1_185' title='bbox 812 3158 995 3239; x_wconf 92' lang='lat' dir='ltr'>temporum</span> <span class='ocrx_word' id='word_1_186' title='bbox 1018 3153 1195 3238; x_wconf 81' lang='lat' dir='ltr'>scriptores</span> <span class='ocrx_word' id='word_1_187' title='bbox 1218 3155 1365 3221; x_wconf 88' lang='lat' dir='ltr'>crebrius</span> 
     </span>
     <span class='ocr_line' id='line_1_28' title="bbox 233 3257 1107 3343; baseline -0.003 -18"><span class='ocrx_word' id='word_1_188' title='bbox 233 3260 416 3326; x_wconf 88' lang='lat' dir='ltr'>ablativum</span> <span class='ocrx_word' id='word_1_189' title='bbox 438 3281 536 3343; x_wconf 90' lang='lat' dir='ltr'>quam</span> <span class='ocrx_word' id='word_1_190' title='bbox 558 3258 834 3343; x_wconf 83' lang='lat' dir='ltr'>praepositionem</span> <span class='ocrx_word' id='word_1_191' title='bbox 857 3257 1107 3323; x_wconf 87' lang='lat' dir='ltr'>coniunxerunt.</span> 
     </span>
    </p>

    <p class='ocr_par' dir='ltr' id='par_1_12' title="bbox 237 3360 1364 3546">
     <span class='ocr_line' id='line_1_29' title="bbox 335 3360 1364 3445; baseline -0.003 -16"><span class='ocrx_word' id='word_1_192' title='bbox 335 3363 529 3429; x_wconf 88' lang='lat' dir='ltr'>Addendum</span> <span class='ocrx_word' id='word_1_193' title='bbox 560 3365 612 3427; x_wconf 89' lang='lat' dir='ltr'>est</span> <span class='ocrx_word' id='word_1_194' title='bbox 643 3362 729 3445; x_wconf 92' lang='lat' dir='ltr'>apud</span> <span class='ocrx_word' id='word_1_195' title='bbox 760 3361 963 3444; x_wconf 85' lang='lat' dir='ltr'>Draegerum</span> <span class='ocrx_word' id='word_1_196' title='bbox 997 3381 1040 3424; x_wconf 87' lang='lat' dir='ltr'>cx</span> <span class='ocrx_word' id='word_1_197' title='bbox 1072 3360 1195 3426; x_wconf 85' lang='lat' dir='ltr'>Seneca</span> <span class='ocrx_word' id='word_1_198' title='bbox 1227 3363 1364 3426; x_wconf 90' lang='lat' dir='ltr'>verbum</span> 
     </span>
     <span class='ocr_line' id='line_1_30' title="bbox 237 3469 447 3546; baseline 0.005 -15"><span class='ocrx_word' id='word_1_199' title='bbox 237 3469 447 3546; x_wconf 79' lang='lat' dir='ltr'>„matare“:</span> 
     </span>
    </p>

    <p class='ocr_par' dir='ltr' id='par_1_13' title="bbox 338 3559 1363 3635">
     <span class='ocr_line' id='line_1_31' title="bbox 338 3559 1363 3635; baseline 0 0"><span class='ocrx_word' id='word_1_200' title='bbox 338 3573 415 3635; x_wconf 77' lang='grc'><strong>1315</strong></span> <span class='ocrx_word' id='word_1_201' title='bbox 443 3590 549 3634; x_wconf 83' lang='lat' dir='ltr'>reram</span> <span class='ocrx_word' id='word_1_202' title='bbox 580 3559 731 3634; x_wconf 79' lang='lat' dir='ltr'>aeteram</span> <span class='ocrx_word' id='word_1_203' title='bbox 760 3570 891 3633; x_wconf 80' lang='lat' dir='ltr'>statione</span> <span class='ocrx_word' id='word_1_204' title='bbox 918 3570 1050 3633; x_wconf 79' lang='grc'><strong>01010011</strong></span> <span class='ocrx_word' id='word_1_205' title='bbox 1080 3588 1149 3633; x_wconf 82' lang='lat' dir='ltr'>suc.</span> <span class='ocrx_word' id='word_1_206' title='bbox 1195 3569 1247 3634; x_wconf 86' lang='lat' dir='ltr'>Sic</span> <span class='ocrx_word' id='word_1_207' title='bbox 1277 3570 1363 3635; x_wconf 90' lang='lat' dir='ltr'>enim</span> 
     </span>
    </p>
   </div>
   <div class='ocr_carea' id='block_1_4' title="bbox 232 3671 1362 4482">
    <p class='ocr_par' dir='ltr' id='par_1_14' title="bbox 232 3671 1359 3856">
     <span class='ocr_line' id='line_1_32' title="bbox 233 3671 1359 3756; baseline -0.002 -16"><span class='ocrx_word' id='word_1_208' title='bbox 233 3674 340 3740; x_wconf 91' lang='lat' dir='ltr'>scribo</span> <span class='ocrx_word' id='word_1_209' title='bbox 363 3695 436 3740; x_wconf 92' lang='lat' dir='ltr'>cum</span> <span class='ocrx_word' id='word_1_210' title='bbox 452 3673 605 3752; x_wconf 86' lang='lat' dir='ltr'>Sandem,</span> <span class='ocrx_word' id='word_1_211' title='bbox 630 3672 684 3755; x_wconf 93' lang='lat' dir='ltr'>qui</span> <span class='ocrx_word' id='word_1_212' title='bbox 705 3672 726 3737; x_wconf 90' lang='lat' dir='ltr'>l.</span> <span class='ocrx_word' id='word_1_213' title='bbox 743 3693 769 3737; x_wconf 93' lang='lat' dir='ltr'>c.</span> <span class='ocrx_word' id='word_1_214' title='bbox 786 3673 818 3737; x_wconf 94' lang='grc' dir='ltr'>ΙΙ</span> <span class='ocrx_word' id='word_1_215' title='bbox 830 3694 861 3756; x_wconf 91' lang='lat' dir='ltr'>p.</span> <span class='ocrx_word' id='word_1_216' title='bbox 878 3674 920 3752; x_wconf 79' lang='lat'>21</span> <span class='ocrx_word' id='word_1_217' title='bbox 943 3673 982 3737; x_wconf 88' lang='lat' dir='ltr'>de</span> <span class='ocrx_word' id='word_1_218' title='bbox 1004 3671 1152 3736; x_wconf 91' lang='lat' dir='ltr'>hocloco</span> <span class='ocrx_word' id='word_1_219' title='bbox 1167 3671 1359 3755; x_wconf 88' lang='lat' dir='ltr'>disputavit.</span> 
     </span>
     <span class='ocr_line' id='line_1_33' title="bbox 232 3773 1247 3856; baseline -0.003 -12"><span class='ocrx_word' id='word_1_220' title='bbox 232 3778 344 3844; x_wconf 79' lang='lat' dir='ltr'>Etiam</span> <span class='ocrx_word' id='word_1_221' title='bbox 365 3777 543 3842; x_wconf 89' lang='lat' dir='ltr'>Muellerus</span> <span class='ocrx_word' id='word_1_222' title='bbox 565 3776 586 3842; x_wconf 89' lang='lat' dir='ltr'>l.</span> <span class='ocrx_word' id='word_1_223' title='bbox 609 3777 630 3841; x_wconf 94' lang='lat' dir='ltr'>l.</span> <span class='ocrx_word' id='word_1_224' title='bbox 655 3775 801 3841; x_wconf 92' lang='lat' dir='ltr'>codicum</span> <span class='ocrx_word' id='word_1_225' title='bbox 823 3777 925 3841; x_wconf 88' lang='lat' dir='ltr'>verba</span> <span class='ocrx_word' id='word_1_226' title='bbox 947 3775 1079 3856; x_wconf 83' lang='lat' dir='ltr'>integra</span> <span class='ocrx_word' id='word_1_227' title='bbox 1101 3773 1247 3841; x_wconf 88' lang='lat' dir='ltr'>retinuit.</span> 
     </span>
    </p>

    <p class='ocr_par' dir='ltr' id='par_1_15' title="bbox 334 3880 736 3964">
     <span class='ocr_line' id='line_1_34' title="bbox 334 3880 736 3964; baseline -0.002 -18"><span class='ocrx_word' id='word_1_228' title='bbox 334 3881 376 3947; x_wconf 91' lang='grc' dir='ltr'>Π.</span> <span class='ocrx_word' id='word_1_229' title='bbox 411 3881 523 3946; x_wconf 86' lang='lat' dir='ltr'>Verba</span> <span class='ocrx_word' id='word_1_230' title='bbox 546 3880 736 3964; x_wconf 90' lang='lat' dir='ltr'>composita.</span> 
     </span>
    </p>

    <p class='ocr_par' dir='ltr' id='par_1_16' title="bbox 232 3980 1360 4272">
     <span class='ocr_line' id='line_1_35' title="bbox 338 3980 1360 4067; baseline -0.001 -20"><span class='ocrx_word' id='word_1_231' title='bbox 338 3983 520 4064; x_wconf 82' lang='lat' dir='ltr'>„Adease“</span> <span class='ocrx_word' id='word_1_232' title='bbox 539 3984 730 4067; x_wconf 89' lang='lat' dir='ltr'>plerumque</span> <span class='ocrx_word' id='word_1_233' title='bbox 741 4003 815 4048; x_wconf 90' lang='lat' dir='ltr'>cum</span> <span class='ocrx_word' id='word_1_234' title='bbox 825 3981 1068 4066; x_wconf 88' lang='lat' dir='ltr'>praepositione</span> <span class='ocrx_word' id='word_1_235' title='bbox 1081 3980 1119 4044; x_wconf 84' lang='lat' dir='ltr'>ab</span> <span class='ocrx_word' id='word_1_236' title='bbox 1139 3980 1360 4064; x_wconf 79' lang='lat' dir='ltr'>coniungitur3</span> 
     </span>
     <span class='ocr_line' id='line_1_36' title="bbox 233 4085 1360 4169; baseline -0.005 -15"><span class='ocrx_word' id='word_1_237' title='bbox 233 4089 290 4155; x_wconf 89' lang='lat' dir='ltr'>sod</span> <span class='ocrx_word' id='word_1_238' title='bbox 312 4109 376 4153; x_wconf 91' lang='lat' dir='ltr'>uno</span> <span class='ocrx_word' id='word_1_239' title='bbox 398 4090 469 4153; x_wconf 92' lang='lat' dir='ltr'>loco</span> <span class='ocrx_word' id='word_1_240' title='bbox 492 4109 566 4153; x_wconf 91' lang='lat' dir='ltr'>cum</span> <span class='ocrx_word' id='word_1_241' title='bbox 587 4107 642 4165; x_wconf 76' lang='lat' dir='ltr'>er3</span> <span class='ocrx_word' id='word_1_242' title='bbox 669 4086 724 4169; x_wconf 92' lang='lat' dir='ltr'>qui</span> <span class='ocrx_word' id='word_1_243' title='bbox 746 4107 825 4151; x_wconf 90' lang='lat' dir='ltr'>usus</span> <span class='ocrx_word' id='word_1_244' title='bbox 854 4085 1032 4151; x_wconf 75' lang='lat' dir='ltr'>secundm</span> <span class='ocrx_word' id='word_1_245' title='bbox 1053 4086 1256 4169; x_wconf 84' lang='lat' dir='ltr'>Draegorum</span> <span class='ocrx_word' id='word_1_246' title='bbox 1286 4106 1360 4168; x_wconf 89' lang='lat' dir='ltr'>pcr-</span> 
     </span>
     <span class='ocr_line' id='line_1_37' title="bbox 232 4189 1016 4272; baseline -0.003 -15"><span class='ocrx_word' id='word_1_247' title='bbox 232 4213 327 4258; x_wconf 81' lang='grc'><strong>10110</strong></span> <span class='ocrx_word' id='word_1_248' title='bbox 349 4194 415 4257; x_wconf 86' lang='lat' dir='ltr'>est:</span> <span class='ocrx_word' id='word_1_249' title='bbox 439 4193 503 4256; x_wconf 84' lang='grc'>811</span> <span class='ocrx_word' id='word_1_250' title='bbox 525 4189 629 4254; x_wconf 73' lang='lat' dir='ltr'>absint</span> <span class='ocrx_word' id='word_1_251' title='bbox 652 4189 767 4253; x_wconf 79' lang='lat' dir='ltr'>cclcc</span> <span class='ocrx_word' id='word_1_252' title='bbox 785 4189 862 4272; x_wconf 84' lang='lat' dir='ltr'>foro</span> <span class='ocrx_word' id='word_1_253' title='bbox 884 4191 1016 4255; x_wconf 83' lang='lat' dir='ltr'>lenones.</span> 
     </span>
    </p>

    <p class='ocr_par' dir='ltr' id='par_1_17' title="bbox 234 4290 1362 4482">
     <span class='ocr_line' id='line_1_38' title="bbox 340 4290 1362 4377; baseline -0.003 -19"><span class='ocrx_word' id='word_1_254' title='bbox 340 4293 589 4374; x_wconf 78' lang='lat' dir='ltr'>„Abstinere“</span> <span class='ocrx_word' id='word_1_255' title='bbox 616 4293 703 4377; x_wconf 92' lang='lat' dir='ltr'>apud</span> <span class='ocrx_word' id='word_1_256' title='bbox 726 4293 883 4359; x_wconf 88' lang='lat' dir='ltr'>Senecam</span> <span class='ocrx_word' id='word_1_257' title='bbox 909 4293 1024 4358; x_wconf 89' lang='lat' dir='ltr'>eodem</span> <span class='ocrx_word' id='word_1_258' title='bbox 1053 4292 1149 4358; x_wconf 90' lang='lat' dir='ltr'>modo</span> <span class='ocrx_word' id='word_1_259' title='bbox 1179 4290 1362 4358; x_wconf 91' lang='lat' dir='ltr'>adhibitum</span> 
     </span>
     <span class='ocr_line' id='line_1_39' title="bbox 234 4395 1360 4482; baseline -0.004 -18"><span class='ocrx_word' id='word_1_260' title='bbox 234 4401 286 4466; x_wconf 91' lang='lat' dir='ltr'>est</span> <span class='ocrx_word' id='word_1_261' title='bbox 314 4402 413 4481; x_wconf 88' lang='lat' dir='ltr'>atque</span> <span class='ocrx_word' id='word_1_262' title='bbox 441 4397 528 4482; x_wconf 91' lang='lat' dir='ltr'>apud</span> <span class='ocrx_word' id='word_1_263' title='bbox 557 4396 752 4463; x_wconf 75' lang='lat' dir='ltr'>Ciceronem.</span> <span class='ocrx_word' id='word_1_264' title='bbox 797 4396 884 4463; x_wconf 91' lang='lat' dir='ltr'>Nam</span> <span class='ocrx_word' id='word_1_265' title='bbox 911 4396 939 4462; x_wconf 91' lang='grc'>01</span> <span class='ocrx_word' id='word_1_266' title='bbox 966 4395 1142 4463; x_wconf 88' lang='lat' dir='ltr'>transitive</span> <span class='ocrx_word' id='word_1_267' title='bbox 1173 4397 1360 4478; x_wconf 87' lang='lat' dir='ltr'>usurpatur,</span> 
     </span>
    </p>
   </div>
   <div class='ocr_carea' id='block_1_5' title="bbox 0 0 1546 5064">
    <p class='ocr_par' dir='ltr' id='par_1_18' title="bbox 0 0 1546 5064">
     <span class='ocr_line' id='line_1_40' title="bbox 0 0 1546 5064; baseline 0 3"><span class='ocrx_word' id='word_1_268' title='bbox 0 0 1546 5064; x_wconf 95' lang='lat' dir='ltr'> </span> 
     </span>
    </p>
   </div>
  </div>
 </body>
</html>
