3082 5064
666 381 877 442 „42-

206 575 275 638 est:
299 595 329 656 p.
348 574 387 636 56
398 593 420 636 ⁵.
454 571 551 635 Falso
574 570 676 652 igitur
697 571 892 634 Kuehnerus
908 572 929 636 l.
946 594 972 637 o.
989 573 1021 636 Π
1039 576 1054 637 1
1073 574 1091 654 ἓ
1108 578 1157 654 97,
1174 578 1222 641 dc
1245 576 1340 641 huius

204 675 378 741 locutionis
402 678 570 740 auctorem
592 695 665 739 esse
689 673 769 739 dicit
793 674 1037 750 Quintilianum.

306 779 454 861 Denique
477 777 578 843 etiam
602 778 645 841 ud
675 797 846 856 scammum,
877 779 963 860 quod
986 782 1020 845 et
1043 781 1129 864 apud
1153 781 1339 848 Ciceronem

205 889 240 950 et
256 884 342 968 apud
357 882 532 947 Horatium
551 886 612 960 est,
636 882 723 965 apud
739 881 897 946 Senecam
912 881 1079 948 invenitur
1104 886 1211 950 19612.
1236 885 1339 962 Quam

206 987 403 1052 locutionem
426 986 524 1050 valde
544 986 717 1050 adamasse
732 985 923 1050 Petronium
939 985 1053 1051 videas
1076 1009 1136 1052 ex:
1161 988 1338 1070 Segebade,

206 1090 431 1154 observationes
456 1109 559 1174 prom.
587 1096 615 1153 et
641 1090 710 1153 crit.
737 1090 773 1152 in
799 1087 1341 1175 Petronium,Huli31880p.11

205 1192 344 1273 (Dias).

305 1298 553 1382 Praepositione
576 1297 663 1380 opud
686 1318 815 1380 semper
838 1295 1042 1379 significatur
1061 1298 1184 1380 aliquid
1206 1300 1338 1383 propin·

205 1425 303 1485 quum
326 1425 399 1469 esse
422 1402 508 1485 apud
529 1401 702 1479 hominem,
726 1422 902 1482 numquam
926 1401 1012 1484 apud
1034 1423 1114 1467 rem.

305 1507 404 1571 Penes
437 1505 605 1572 rarissime
639 1503 805 1569 invenitur
839 1502 989 1587 (46518),
1024 1506 1082 1570 sed
1117 1506 1215 1572 solito
1249 1530 1337 1575 more

204 1611 395 1676 adhibitum.

304 1713 510 1798 Praepositio
531 1718 728 1796 propter,
753 1733 851 1795 quarn
874 1712 1060 1795 Draegerus
1083 1713 1233 1779 omnibus
1256 1719 1337 1781 tem-

203 1818 353 1902 poribus,
384 1817 448 1883 etsi
483 1817 569 1901 apud
599 1815 681 1881 alios
710 1816 889 1900 scriptores
923 1816 1030 1881 rarius
1053 1818 1139 1900 apud
1162 1819 1246 1884 alios
1269 1841 1336 1884 cre-

202 1922 310 2000 brius,
343 1921 475 1986 notione
504 1921 601 1986 locali
631 1923 823 2004 usurpatam
847 1941 919 1985 esse
942 1920 1038 2000 dicit,
1071 1923 1158 2005 apud
1181 1923 1336 1988 Senecam

204 2027 292 2090 nullo
316 2026 387 2090 loco
409 2025 458 2090 ita
481 2024 628 2089 adhibita
651 2028 712 2089 est.
744 2023 943 2107 Saepissime
959 2027 1071 2090 autem
1094 2025 1124 2091 ei
1147 2025 1233 2092 inest
1248 2027 1337 2092 notio

206 2129 358 2195 causalis.
394 2129 458 2195 Sed
473 2132 583 2193 utrum
607 2127 707 2192 etiam
721 2127 820 2195 ,notio
842 2128 950 2192 finalis
974 2128 1007 2192 in
1031 2150 1070 2194 ea
1093 2129 1201 2195 inesse
1223 2131 1336 2214 possit,

204 2233 334 2299 omnino
358 2233 421 2298 viri
445 2232 534 2297 docti
553 2232 639 2297 inter
655 2253 691 2296 se
708 2230 917 2297 dissentiunt.
949 2233 1002 2297 Ex
1018 2232 1135 2314 quibus
1151 2233 1336 2317 Draegerus

203 2337 350 2419 quidem,
384 2336 447 2401 etsi
481 2357 575 2415 raro,
606 2335 770 2400 nonnullis
793 2339 905 2400 tamen
927 2335 1017 2415 lociS,
1039 2343 1170 2419 propter
1193 2336 1227 2400 vi
1250 2337 1337 2402 finali

203 2441 347 2524 positum
370 2461 443 2505 esse
465 2443 571 2523 putat.
604 2439 661 2504 dui
684 2444 848 2523 repugnat
870 2440 1074 2519 Kuehnerus,
1099 2439 1201 2521 quill
1219 2444 1235 2505 1
1254 2439 1271 2521 5
1288 2442 1336 2519 98,

204 2546 223 2608 8
240 2565 314 2608 ann.
332 2546 351 2608 3
367 2544 457 2608 locos
473 2565 493 2608 a
509 2543 677 2625 Draegero
695 2544 851 2608 collectos
866 2542 931 2608 alio
954 2542 1050 2608 modo
1073 2543 1338 2627 interpretandos

204 2669 277 2712 esse
301 2647 390 2711 dicit.
425 2646 543 2712 Censet
566 2646 653 2711 enim
670 2652 842 2730 propterca
858 2652 892 2709 ut
908 2649 942 2712 et
952 2653 1087 2729 proptor
1102 2647 1157 2710 hoc
1179 2655 1215 2711 ut
1237 2648 1338 2713 inter-

202 2751 398 2834 pretandum
422 2771 486 2814 non
510 2771 583 2814 esse
606 2772 639 2813 eo
664 2751 792 2814 oonsilio
814 2758 859 2827 ut,
887 2750 945 2815 sed
965 2757 1096 2833 propter
1119 2771 1185 2814 com
1210 2772 1340 2815 consum

203 2862 247 2920 ot.
281 2857 397 2937 Itaque
430 2855 482 2919 his
514 2875 641 2937 quoque
663 2854 744 2919 locis
767 2853 933 2919 notionem
956 2856 1123 2920 causalem
1146 2856 1178 2919 in
1200 2876 1340 2938 praepo·

204 2959 324 3024 sitione
365 2967 496 3042 propter
540 2958 657 3023 inesse.
720 2958 783 3023 Sed
828 2957 958 3022 etiamsi
992 2957 1040 3023 ita
1072 2958 1340 3042 interpretamur,

203 3066 314 3129 tamen
348 3063 458 3145 aliquo
492 3063 588 3128 modo
621 3063 673 3127 vis
706 3063 814 3128 finalis
848 3063 922 3128 huic
959 3063 1195 3148 praepositioni
1232 3063 1341 3128 inesse

201 3166 316 3248 negari
347 3167 479 3248 nequit,
513 3188 595 3249 quae
619 3188 661 3232 ex
683 3170 755 3231 toto
778 3168 954 3232 verborum
977 3171 1135 3233 contextu
1158 3166 1237 3230 mihi
1260 3169 1342 3232 nata

202 3292 275 3335 esse
298 3269 438 3335 videtur.
480 3270 577 3353 Qu·
588 3270 688 3336 etiam
712 3292 754 3336 ex
776 3271 900 3335 talibus
922 3270 1003 3335 locis
1026 3271 1156 3336 omnino
1179 3291 1341 3353 apparere

201 3376 290 3456 puto,
316 3375 475 3456 quomodo
498 3374 589 3439 notio
612 3374 720 3439 finalis
744 3396 786 3440 ex
810 3375 935 3440 causali
958 3378 1032 3440 orta
1055 3375 1109 3439 sit.

300 3476 363 3541 Sed
387 3477 536 3542 etsiamsi
560 3479 734 3543 Kuehnero
758 3479 974 3543 concedamus
997 3477 1071 3543 istis
1095 3477 1195 3555 locis,
1221 3478 1341 3560 quibus

200 3579 476 3663 praepositionem
497 3588 629 3664 propter
653 3581 816 3664 particula
848 3588 883 3644 ut
914 3580 1078 3663 sequitur,
1109 3580 1177 3644 vim
1208 3582 1342 3647 finalem

201 3704 265 3748 non
279 3683 534 3767 praepositionis
550 3684 726 3768 propriam,
744 3686 802 3750 sed
819 3707 836 3750 e
852 3686 1028 3750 verborum
1044 3687 1203 3749 contextu
1226 3689 1342 3751 natam

199 3807 290 3866 esse,
324 3791 436 3852 tamen
457 3789 657 3871 persuadere
680 3788 758 3852 mihi
782 3810 846 3852 non
868 3809 1003 3872 possum
1020 3795 1155 3870 propter
1177 3810 1341 3872 nusquam

200 3911 298 3954 sensu
320 3892 411 3956 finali
434 3891 617 3957 adhibitum
641 3912 724 3957 esse.
756 3891 843 3955 Nam
867 3891 953 3974 apud
976 3890 1134 3955 Senecam
1152 3892 1233 3956 duos
1249 3893 1342 3959 locos

199 3993 366 4059 invenisse
389 3995 469 4059 mihi
491 3994 615 4074 videor,
640 3995 766 4077 quibus,
802 3994 866 4059 etsi
898 4000 933 4056 ul
959 4015 1024 4059 non
1047 3994 1204 4076 sequitur,
1228 3999 1344 4065 tamen

199 4119 278 4162 usus
311 4098 419 4163 finalis
455 4099 651 4164 statuendus
686 4100 748 4163 est.
794 4097 938 4174 Quorum
972 4097 1062 4181 prior
1095 4097 1147 4162 hio
1178 4101 1246 4164 est:
1279 4104 1343 4167 949

200 4200 341 4263 dubitari
358 4209 469 4284 potest,
492 4204 569 4286 quin
590 4221 686 4285 usquc
709 4223 742 4264 eo
766 4201 927 4265 deiciendo
956 4200 1015 4281 su,
1047 4199 1142 4262 dorico
1169 4201 1344 4296 efficiatur,

198 4307 434 4388 propterquod
456 4305 574 4369 deiectu
597 4305 667 4368 est?
695 4306 767 4370 Hoc
790 4307 861 4371 loco
884 4311 1013 4388 propter
1035 4303 1119 4389 quod
1135 4308 1225 4369 certo
1241 4327 1344 4374 sensu

201 4406 291 4472 finali
315 4407 438 4473 dictum
462 4412 523 4473 est.
554 4409 671 4490 Neque
693 4409 779 4473 enim
802 4408 1016 4492 interpretari
1038 4428 1221 4490 possumus,
1244 4431 1344 4495 quom
